@inproceedings{DBLP:Eiter:IJCAI05B,
  author    = {Thomas Eiter and
               Giovambattista Ianni and
               Roman Schindlauer and
               Hans Tompits},
  title     = {A Uniform Integration of Higher-Order Reasoning and External
               Evaluations in Answer-Set Programming},
  booktitle = {Proc. IJCAI-05},
  year      = {2005},
  pages     = {90-96},
 address   = {Edinburgh, Scotland,  UK},
   publisher = {Professional Book Center},
}
@article{DBLP:Faber:AIJ:2011,
  author    = {Wolfgang Faber and Gerald Pfeifer and  Nicola Leone},
  title     = {Semantics and complexity of recursive aggregates in answer
               set programming},
  journal   = {Artificial Intelligence},
  volume    = {175},
  number    = {1},
  year      = {2011},
  pages     = {278-298},
}

@article{Truszczynski10,
  author    = {Miroslaw Truszczynski},
  title     = {Reducts of propositional theories, satisfiability relations,
               and generalizations of semantics of logic programs},
  journal   = {Artificial Intelligence},
  volume    = {174},
  number    = {16-17},
  year      = {2010},
  pages     = {1285-1306}
}


@inproceedings{BartholomewLM11,
  author    = {Michael Bartholomew and
               Joohyung Lee and
               Yunsong Meng},
  title     = {First-Order Extension of the FLP Stable Model Semantics
               via Modified Circumscription},
  booktitle = {Proc. IJCAI-11},
  year      = {2011},
  pages     = {724-730}
}



@inproceedings{DBLP:conf/lpnmr/LiuGJNY11,
  author    = {Guohua Liu and
               Randy Goebel and
               Tomi Janhunen and
               Ilkka Niemel{\"a} and
               Jia-Huai You},
  title     = {Strong Equivalence of Logic Programs with Abstract Constraint
               Atoms},
  booktitle = {Proc. LPNMR-11},
  year      = {2011},
  pages     = {161-173},
  ee        = {http://dx.doi.org/10.1007/978-3-642-20895-9_15},
  crossref  = {DBLP:conf/lpnmr/2011},
  bibsource = {DBLP, http://dblp.uni-trier.de}
}


@INCOLLECTION{lifschitz-pointwise,
    author = {Vladimir Lifschitz},
    TITLE  = {Pointwise circumscription},
    booktitle ={Readings in Nonmonotonic Reasoning},
    editor =  {Matthew Ginsberg},
    publisher = {Morgan Kaufmann},
    pages = {179-193},
    YEAR   = {1987},
}


@inproceedings{ChenXiaoPing,
  author    = {Fangkai Yang and Xiaoping Chen},
  title     = {{DL-clog}: A Hybrid System Integrating Rules and Description Logics with
                 Circumscription},
  booktitle = {CEUR Workshop Proceedings of Description Logic},
  year      = {2007},
}


@INPROCEEDINGS{Bruijn-ijcai-2007,
  AUTHOR = {Jos de Bruijn and Thomas Eiter and Axel Polleres and Hans Tompits},
  TITLE = {Embedding Non-Ground Logic Programs into Autoepistemic Logic for Knowledge-Base
             Combination},
  BOOKTITLE = {Proc. IJCAI-07},
  YEAR =         {2007},
  pages =        {304-309}
}

@INPROCEEDINGS{Bruijn-2007,
  AUTHOR = {Jos de Bruijn and David Pearce and Axel Polleres and Agustin Valverde},
  TITLE =  {Quantified Equilibrium Logic and Hybrid Rules},
  BOOKTITLE = {Proc. RR 2007},
  YEAR =         {2007},
  pages =        {58-72}
}
@ARTICLE{LinZhou-AI2011,
  AUTHOR =       {Fangzhen Lin and Yi Zhou},
  TITLE =        {From answer set logic programming to circumscription via logic of {GK}},
  JOURNAL =      {Artificial Intelligence},
  YEAR =         {2011},
  volume =       {175},
  number =       {1},
  pages =        {264-277},
}

@ARTICLE{Ferraris2011-full,
  AUTHOR = {Paolo Ferraris and  Joohyung Lee and Vladimir Lifschitz},
  TITLE = {Stable models and circumscription},
  JOURNAL =      {Artificial Intelligence},
  YEAR =         {2011},
  volume =       {175},
  number =       {1},
  pages =        {236-263},
}


@article{ASP-with-functions-iclp-2010,
  AUTHOR =       {Mario Alviano and Wolfgang Faber and Nicola Leone},
  TITLE =        {Disjunctive {ASP} with functions: Decidable queries and effective computation},
  BOOKTITLE =    {Theory and Practice of Logic Programming},
  volume = {10},
  number = {4-6},
  pages =        {106-121},
  YEAR =         {2010}
}

@INPROCEEDINGS{gottlob-pods07,
  AUTHOR =       {Georg Gottlob and Reinhard Pichler and Fang Wei},
  TITLE =        {Monadic datalog over finite structures with bounded treewidth},
  BOOKTITLE =    {Proc. PODS},
  YEAR =         {2007},
  pages =        {165-174}
}

@INPROCEEDINGS{gottlob-pods07-long,
  AUTHOR =       {Georg Gottlob and Reinhard Pichler and Fang Wei},
  TITLE =        {Monadic datalog over finite structures with bounded treewidth},
  BOOKTITLE =    {Proceedings of the Twenty-Sixth ACM SIGACT-SIGMOD-SIGART Symposium on
                  Principles of Database Systems},
  YEAR =         {2007},
  pages =        {165-174}
}


@INPROCEEDINGS{bruijin-07,
  AUTHOR =       {Jos de Bruijn and David Pearce and Axel Polleres and Agustin Valverde},
  TITLE =        {Quantified Equilibrium Logic and Hybrid Rules},
  BOOKTITLE =    {Proceedings of International Conference on Web Reasoning and Rule Systems},
  YEAR =         {2007},
  pages =        {58-72}
}

@article{McCarthy-circ,
  AUTHOR =       "John McCarthy",
  TITLE =        "Circumscription \-- a form of non-monotonic reasoning",
  journal   = {Artifical Intelligence},
  volume    = {13},
  number    = {27-39},
  year      = {1980},
  pages =        "171-172"
}

@article{McCarthy-circ-86,
  AUTHOR =       "John McCarthy",
  TITLE =        "Applications of circumscription to formalizing common sense knowledge",
  journal   = {Artifical Intelligence},
  volume    = {26},
  number    = {3},
  year      = {1986},
  pages =        "89-116"
}

@inbook{hoeve-2006,
	editor = "F. Rossi and P. Van Beek and T. Walsh",
        chapter = "Global Constraints",
        title = "Handbook of Constraint Programming",
	publisher = "Elsevier",
 	year = "2006"
}

@inproceedings{DBLP:conf/iclp/Lifschitz08,
  author    = {Vladimir Lifschitz},
  title     = {Twelve Definitions of a Stable Model},
  booktitle = {Proc. ICLP-08},
  year      = {2008},
  pages     = {37-51},
}


@INCOLLECTION{vanHoeveChapter7,
    author = {W. J. van Hoeve and I. Katriel},
    TITLE  = {Global constraints},
    Chapter = {7},
    booktitle ={Handbook of Constraint Programming},
    editor =  {F. Rossi and P. van Beek and T. Walsh},
    publisher = {Elsevier},
    YEAR   = {2006}
}
@INcollection{lifchitz-circ,
   AUTHOR =       "Vladimir Lifchitz",
   TITLE =        "Circumscription",
   BOOKTITLE =    "Handbook of Logic in AI and Logic Programming",
   EDITOR =       "D.M. Gabbay and C.J. Hogger and J.A. Robinson",
  PAGES =        "298-352",
  PUBLISHER =    "Oxford University Press",
  YEAR =         "1994",
}

@INPROCEEDINGS{bonatti-KR06,
  AUTHOR =       {Piero Bonatti and Carsten Lutz and Frank Wolter},
  TITLE =        {Description Logics with Circumscription},
  BOOKTITLE =    {Proc. KR'06},
  YEAR =         {2006},
  pages =        {400-410}
}

@INPROCEEDINGS{bonatti-KR06-logn\\ng,
  AUTHOR =       {Piero Bonatti and Carsten Lutz and Frank Wolter},
  TITLE =        {Description Logics with Circumscription},
  BOOKTITLE =    {Proceedings of KR'06},
  YEAR =         {2006},
  pages =        {400-410}
}

@INPROCEEDINGS{Yi-Dong:IJCAI:2011,
  AUTHOR =       {Yi-Dong Shen},
  TITLE =        {Well-Supported Semantics for Description Logic Programs},
  BOOKTITLE =    {Proc. IJCAI-11},
  YEAR =         {2011},
  pages =        {1081-1086},
  address =      {Barcelona, Spain},
  publisher =    {IJCAI/AAAI},
}

@INPROCEEDINGS{Yi-Dong:IJCAI:2011-full,
  AUTHOR =       {Yi-Dong Shen},
  TITLE =        {Well-Supported Semantics for Description Logic Programs},
  BOOKTITLE =    {The Twenty-Second International Joint Conference on Artificial Intelligence (IJCAI-11)},
  YEAR =         {2011},
  pages =        {1081-1086},
  address =      {Barcelona, Spain},
  publisher =    {IJCAI/AAAI},
}
@article{EiterILST08,
  author    = {Thomas Eiter and
               Giovambattista Ianni and
               Thomas Lukasiewicz and
               Roman Schindlauer and
               Hans Tompits},
  title     = {Combining answer set programming with description logics for the Semantic Web},
  journal   = {Artifical Intelligence},
  volume    = {172},
  number    = {12-13},
  year      = {2008},
  pages     = {1495-1539}
}

@INPROCEEDINGS{Rosati06,
  AUTHOR =       {Riccardo Rosati},
  TITLE =        {{DL}+log: Tight integration of description logics and disjunctive datalog},
  BOOKTITLE =    {Proc. KR'06},
  YEAR =         {2006},
  pages = {68-78}
}

@Article{lukas-IEEE,
    author = "Thomas Lukasiewicz",
    title = {A Novel Combination of Answer Set Programming with Description Logics for the Semantic Web},
    journal = "IEEE TKDE",
    volume = "22",
    number = {11},
    pages = {1577-1592},
    year = "2010",
}

@Article{lukas-IEEE-long,
    author = "Thomas Lukasiewicz",
    title = {A Novel Combination of Answer Set Programming with Description Logics for the Semantic Web},
    journal = "IEEE Transactions on Knowledge and Data Engieering",
    volume = "22",
    number = {11},
    pages = {1577-1592},
    year = "2010",
}

@Article{Rosati05,
    author = "Riccardo Rosati",
    title = {On the decidability and complexity of integrating ontologies and rules},
    journal = "Journal of Web Semantics",
    volume = "3",
    number = {1},
    pages = {61-73},
    year = "2005",
}



@INPROCEEDINGS{multi-context2007,
  author    = {Gerhard Brewka and   Thomas Eiter},
  title     = {Equilibria in Heterogeneous Nonmonotonic Multi-Context Systems},
  booktitle = {Proceedings of the Twenty-Second AAAI Conference on Artificial
               Intelligence},
  year      = {2007},
  pages     = {385-390},
  publisher = {AAAI Press},
  address   = {Vancouver, British Columbia, Canada},
}

@proceedings{DBLP:conf/lpnmr/2009,
  editor    = {Esra Erdem and
               Fangzhen Lin and
               Torsten Schaub},
  title     = {Logic Programming and Nonmonotonic Reasoning, 10th International
               Conference, LPNMR 2009, Potsdam, Germany, September 14-18,
               2009. Proceedings},
  booktitle = {LPNMR},
  publisher = {Springer},
  series    = {Lecture Notes in Computer Science},
  volume    = {5753},
  year      = {2009},
  isbn      = {978-3-642-04237-9},
  ee        = {http://dx.doi.org/10.1007/978-3-642-04238-6},
  bibsource = {DBLP, http://dblp.uni-trier.de}
}

@inproceedings{DBLP:conf/lpnmr/GebserST07,
  author    = {Martin Gebser and
               Torsten Schaub and
               Sven Thiele},
  title     = {GrinGo : A New Grounder for Answer Set Programming},
  booktitle = {LPNMR},
  year      = {2007},
  pages     = {266-271},
  ee        = {http://dx.doi.org/10.1007/978-3-540-72200-7_24},
  crossref  = {DBLP:conf/lpnmr/2007},
  bibsource = {DBLP, http://dblp.uni-trier.de}
}

@proceedings{DBLP:conf/lpnmr/2007,
  editor    = {Chitta Baral and
               Gerhard Brewka and
               John S. Schlipf},
  title     = {Logic Programming and Nonmonotonic Reasoning, 9th International
               Conference, LPNMR 2007, Tempe, AZ, USA, May 15-17, 2007,
               Proceedings},
  booktitle = {LPNMR},
  publisher = {Springer},
  series    = {Lecture Notes in Computer Science},
  volume    = {4483},
  year      = {2007},
  isbn      = {978-3-540-72199-4},
  bibsource = {DBLP, http://dblp.uni-trier.de}
}

@book{Baral:aspbook,
author = "Chitta Baral",
title = "Knowledge Representation, Reasoning and Declarative Problem Solving",
publisher = "Cambridge University Press",
address = "New York, NY",
year = 2003 }


@incollection{marek99,
  AUTHOR =       {V. Wiktor Marek and  Miroslaw Truszczynski},
  TITLE =        {Stable models and an alternative logic programming paradigm},
  BOOKTITLE =    {The Logic Programming Paradigm: A 25-Year Perspective},
  PUBLISHER =    {Springer-Verlag},
  YEAR =         {1999},
  editor =       {K.R. Apt and V.W. Marek and M. Truszczynski and D.S. Warren},
  address =      {Berlin},
  pages =        {375--398},
}

@incollection{Clark78,
author = "Keith L. Clark",
year = 1978,
title = "Negation as failure",
booktitle = "Logics and Databases",
editor = "H. Gallaire and J. Minker",
publisher = "Plenum Press",
address = "New York",
pages = "293--322"  }

@book{Lloyd87,
author = "J. W. Lloyd",
title = "Foundations of Logic Programming",
year = 1987,
publisher = "Springer-Verlag",
edition = "2nd" }

@ARTICLE{MNR1999,
  AUTHOR =       "V. Wiktor Marek and Anil Nerode and Jeffrey B. Remmel",
  TITLE =        "Logic Programs, Well-Orderings, and Forward Chaining",
  JOURNAL =      "Ann. Pure Appl. Logic",
  YEAR =         "1999",
  volume =       "96",
  number =       "1-3",
  pages =        "231-276"
}

@ARTICLE{MNR1994,
  AUTHOR =       "V. Wiktor Marek and Anil Nerode and Jeffrey B. Remmel",
  TITLE =        "A Context for Belief Revision: Forward Chaining - Normal Nonmonotonic Rule Systems",
  JOURNAL =      "Ann. Pure Appl. Logic",
  YEAR =         "1994",
  volume =       "67",
  number =       "1-3",
  pages =        "269-323"
}
@ARTICLE{Brewka1991,
  AUTHOR =       "Gerhard Brewka",
  TITLE =        "Cumulative Default Logic: In Defense of Nonmonotonic Inference Rules",
  JOURNAL =      "Artif. Intell.",
  YEAR =         "1991",
  volume =       "50",
  number =       "2",
  pages =        "183-205"
}

@ARTICLE{GM1994,
  AUTHOR =       "Laura Giordano and Alberto Martelli",
  TITLE =        "On Cumulative Default Logics",
  JOURNAL =      "Artif. Intell.",
  YEAR =         "1994",
  volume =       "66",
  number =       "1",
  pages =        "161-179"
}

@conference{YinChenJelia2010,
  author    = {Yin Chen and Hai Wan and Yan Zhang and Yi Zhou},
  title     = {dl2asp: Implementing Default Logic via Answer Set Programming},
  booktitle = {Proceedings 12th European Conference on Logics in Artificial Intelligence},
  year      = {2010},
  pages     = {104-116},
}


@ARTICLE{Reiter1980,
  AUTHOR =       "Raymond Reiter",
  TITLE =        "A Logic for Default Reasoning",
  JOURNAL =      "Artificial Intelligence",
  YEAR =         "1980",
  volume =       "13",
  number =       "1-2",
  pages =        "81-132"
}
@ARTICLE{Zhang1994,
  AUTHOR =       "Zhang Mingyi",
  TITLE =        "Some Results on Default Logic",
  JOURNAL =      "J. Comput. Sci. Technol.",
  YEAR =         "1994",
  volume =       "9",
  number =       "3",
  pages =        "267-274"
}

@ARTICLE{Zhang1996,
  AUTHOR =       "Zhang Mingyi",
  TITLE =        "A New Research into Default Logic",
  JOURNAL =      "Information and Computation",
  YEAR =         "1996",
  volume =       "129",
  number =       "2",
  pages =        "73-85"
}

@ARTICLE{ZZ2003,
  AUTHOR =       "Zhang Mingyi and Zhang Ying",
  TITLE =        "On the expressive power of semi-normal defaults in some semantic variants of default logic",
  JOURNAL =      "AI Commun.",
  YEAR =         "2003",
  volume =       "16",
  number =       "1",
  pages =        "51-67"
}
@ARTICLE{Lukaszewicz1988,
  AUTHOR =       "Witold Lukaszewicz",
  TITLE =        "Considerations on default logic: an alternative approach",
  JOURNAL =      "Computational Intelligence",
  YEAR =         "1988",
  volume =       "4",
  number =       "",
  pages =        "1-16"
}

@INPROCEEDINGS{BMS90,
  AUTHOR    = {Gerhard Brewka and David Makinson and Karl Schlechta},
  TITLE     = {Cumulative Inference Relations for JTMS and Logic Programming.},
  BOOKTITLE = {Nonmonotonic and Inductive Logic},
  YEAR      = {1990},
  volume    = {543},
  pages     = {1-12}
}

@INPROCEEDINGS{MikitiukTruszczynski93,
  AUTHOR =       "Artur Mikitiuk and Miroslaw Truszczynski",
  TITLE =        "Rational Default Logic and Disjunctive Logic Programming",
  BOOKTITLE =    "LPNMR",
  YEAR =         "1993",
  pages =        " 283-299",
}
@ARTICLE{PrzymusinskaPrzymusinski94,
  AUTHOR =       "Halina Przymusinska and Teodor C. Przymusinski",
  TITLE =        "Stationary Default Extensions",
  JOURNAL =      "Fundam. Inform.",
  YEAR =         "1994",
  volume =       "21",
  number =       "1/2",
  pages =        "67-87",
}
@ARTICLE{BrewkaGottlob97,
  AUTHOR =       "Gerhard Brewka and Georg Gottlob",
  TITLE =        "Well-Founded Semantics for Default Logic",
  JOURNAL =      "Fundamenta Informaticae",
  YEAR =         "1997",
  volume =       "31",
  number =       "3/4",
  pages =        "221-236",
}
@ARTICLE{Mareketal92,
  AUTHOR =       "V. Wiktor Marek and Anil Nerode and Jeffrey B. Remmel",
  TITLE =        "A Theory of Nonmonotonic Rule Systems II",
  JOURNAL =      "Ann. Math. Artif. Intell.",
  YEAR =         "1992",
  volume =       "5",
  number =       "2-4",
  pages =        "229-263",
}
@BOOK{Mareketal93,
  AUTHOR =       "V. Wiktor Marek and Miroslaw Truszczynski",
  TITLE =        "Non-monotonic logic: context-dependent reasoning",
  PUBLISHER =    "",
  YEAR =         "1993",

}
@ARTICLE{DongZhang00,
  AUTHOR =       "Dong Mingkai and Zhang Mingyi",
  TITLE =        "The extensions of clausal auto-compatible defautl theory",
  JOURNAL =      "Computer Research \& Development",
  YEAR =         "2000",
  volume =       "37",
  number =       "2",
  pages =        "182-187 ",
}
@Article{LinkeSchaub2000,
  author =   "T. Linke and T. Schaub",
  title =    "Alternative foundations for Reiter's default logic.",
  journal =   "Artif. Intell.",
  year =     2000,
  volume =   124,
  number =   1,
  pages =    "31-86"
}
@ARTICLE{Zhang91,
  AUTHOR =       "Zhang Mingyi",
  TITLE =        "On Existence of Extensions for general default theories",
  JOURNAL =      "Appl. Math. Inst. Guizhou Academy of Science",
  YEAR =         "1991",
  volume =       " ",
  number =       " ",
  pages =        " ",
}
@INPROCEEDINGS{Lifschitz96,
  AUTHOR =       "Vladimir Lifschitz",
  TITLE =        "Foundations of logic programming",
  BOOKTITLE =    "Principles of Knowledge Representation",
  YEAR =         "1996",
  pages =       "69-127",
  publisher =    "CSLI Publications"
}


@article{Tru-AAAI-JAIR,
author = "L. Liu and M. Truszczy{\'{n}}ski",
title = "Properties and applications of programs with monotone and convex constraints",
journal = "Journal of Artificial Intelligence Research",
pages = "299-334",
year = {2006},
volume = {7},
}


@inproceedings{Ferraris:LPNMR2005,
    author = "Paolo Ferraris",
    title = "Answer Sets for Propositional Theories",
    booktitle = "Proc. LPNMR-05",
    pages = "119-131",
    year = "2005",
    publisher = {Springer},
    series    = {Lecture Notes in Computer Science},
    volume    = {3662},
    address   = {Diamante, Italy}
}

@inproceedings{Ferraris:LPNMR2005-full,
    author = "Paolo Ferraris",
    title = "Answer Sets for Propositional Theories",
    booktitle = "Logic Programming and Nonmonotonic Reasoning, 8th International Conference (LPNMR 2005)",
    pages = "119-131",
    year = "2005",
    publisher = {Springer},
    series    = {Lecture Notes in Computer Science},
    volume    = {3662},
   address   = {Diamante, Italy}
}


@article{lifschitz-acmtranc-01,
author = "V. Lifschitz and D. Pearce and A. Valverde",
title = "Strongly equivalent logic programs",
journal ="ACM Transactions on Computational Logic,2(4)",
pages ="526-541",
year ="2001"
}

@incollection{pearce99,
    author = "D. Pearce",
    title = "From here to there: stable negation in logic programming",
    booktitle ={What is Negation},
    editor =  {D. Gabbay and H Wansing},
    publisher = {Kluwer},
    YEAR   = {1999}
}


@INPROCEEDINGS{Lifschitz2008-iclp,
  AUTHOR =       "Vladimir Lifschitz",
  TITLE =        "Twelve definitions of a stable model",
  BOOKTITLE =    {ICLP},
  YEAR =         "2008",
  pages =       "37-51",
}
@BOOK{MarekTruszczynski93,
  AUTHOR =       "Marek, V. W. and Truszczynski, M.",
  TITLE =        "Nonmonotonic Logic",
  PUBLISHER =    "Berlin:Springer-Verlag",
  YEAR =         "1993"
}
@ARTICLE{Mareketal94,
  AUTHOR =       "Marek and Nerode  and Remmel",
  TITLE =        "A context for belief reision: forward chaining-normal nonmonotonic rules systems",
  JOURNAL =      "Annals of Pure and Applied Logic",
  YEAR =         "1994",
  volume =       "67",
  pages =        "259-323"}

@ARTICLE{Mareketal99,
  AUTHOR =       "V. Wiktor Marek and Anil Nerode and Jeffrey B. Remmel",
  TITLE =        "Logic programs, well-ordering, and forward chaining",
  JOURNAL =      "Annals of Pure and Applied Logic",
  YEAR =         "1999",
  volume =       "96",
  pages =        "231-276"
}

@INBOOK{Aptetal87,
  AUTHOR =       "Apt K. and Blari, H. A. and Walker, A.",
  editor =       "Minker, J.",
  TITLE =        "Towards a theory of declaritive knowledge",
  CHAPTER =      "Foundation of Deductive Datbases and Logic Programming",
  pages =        "89-142",
  PUBLISHER =    "Morgan Kaufmann",
  YEAR =         "1987",
}
@ARTICLE{Xuetal03,
  AUTHOR =       "Daoyun Xu and Decheng Ding and Zhang Mingyi",
  TITLE =        "Characterization of an Auto-Compatible Default Theory",
  JOURNAL =      "J. Comput. Sci. Technol.",
  YEAR =         "2003",
  volume =       "18",
  number =       "3",
  pages =        "393-398"
}
@ARTICLE{XuDing02,
  AUTHOR =       "Daoyun Xu and Decheng Ding",
  TITLE =        "FC-normal and extended stratified logic program",
  JOURNAL =      "Science in China(Series F)",
  YEAR =         "2002",
  volume =       "45",
  number =       "4",
  pages =        "259-272"
}

@ARTICLE{ZZ2003,
  AUTHOR =       "Zhang Mingyi and Zhang Ying",
  TITLE =        "On the expressive power of semi-normal defaults in some semantic variants of default logic",
  JOURNAL =      "AI Commun.",
  YEAR =         "2003",
  volume =       "16",
  number =       "1",
  pages =        "51-67"
}
@INPROCEEDINGS{Zhang92,
  AUTHOR =       "Zhang Mingyi",
  TITLE =        "A characterization of extension of general default theories",
  BOOKTITLE =    "Proceedings of the Ninth Canadian Conference on Artificial Intelligence",
  YEAR =         "1992",
  pages =        "134-139",
  address =      "Vancouver, Canada",
}

@ARTICLE{Zhang93,
  AUTHOR =       "Zhang Mingyi",
  TITLE =        "On extension of general default theories",
  JOURNAL =      "Sci China Ser. A,",
  YEAR =         "1993",
  volume =       "16",
  number =       "10",
  pages =        "1273-1280"
}

@ARTICLE{Zhang94a,
  AUTHOR =       "Georg Gottlob, Zhang Mingyi",
  TITLE =        "Cumulative Default Logic: Finite Characterization, Algorithms, and Complexity",
  JOURNAL =      "Artif. Intell.",
  YEAR =         "1993",
  volume =       "69",
  number =       "1-2",
  pages =        "329-345"
}
@ARTICLE{Gottlobetal02,
  AUTHOR =       {Georg Gottlob, Francesco Scarcello, Martha Sideri},
  TITLE =        {Fixed-Parameter Complexity in \textsc{AI} and Nonmonotonic Reasoning},
  JOURNAL =      {Artificial Intelligence},
  YEAR =         {2002},
  volume =       {138},
  number =       {1-2},
  pages =        {55-86}
}

@INPROCEEDINGS{Lukaszewicz85,
  AUTHOR =       "Witold Lukaszewicz",
  TITLE =        "Two Results on Default Logic",
  BOOKTITLE =    "IJCAI",
  YEAR =         "1985",
  pages =        "459-461"
}
@ARTICLE{Brewka91,
  AUTHOR =       "Gerhard Brewka",
  TITLE =        "Cumulative Default Logic: In Defense of Nonmonotonic Inference Rules",
  JOURNAL =      "Artif. Intell.",
  YEAR =         "1991",
  volume =       "50",
  number =       "2",
  pages =        "183-205"
}
@ARTICLE{Delgrandeetal94,
  AUTHOR =       "James P. Delgrande and Torsten Schaub and W. Ken Jackson",
  TITLE =        "Alternative Approaches to Default Logic",
  JOURNAL =      "Artif. Intell.",
  YEAR =         "1994",
  volume =       "70",
  number =       "1-2",
  pages =        "167-237",
  file = F
}
@ARTICLE{Lukaszewicz88,
  AUTHOR =       "Witold Lukaszewicz",
  TITLE =        "Considerations on default logic: an alternative approach",
  JOURNAL =      "Computational Intelligence",
  YEAR =         "1988",
  volume =       "4",
  pages =        "1-16"
}
@INPROCEEDINGS{ZZW2006,
  AUTHOR =       "Mingyi Zhang and Ying Zhang and Yisong Wang",
  TITLE =        "On Compatibility and Forward Chaining Normality",
  BOOKTITLE =    "The Eleventh International Workshop on Non-Monotonic Reasoning",
  YEAR =         "2006",
  address =      "Lake District of the United Kingdom",
  pages =        "163-171"
}

@INPROCEEDINGS{Yisong:ICTAC2004,
  AUTHOR =       {Yisong Wang and Mingyi Zhang},
  TITLE =        {Revision Programs with Explicit Negation},
  BOOKTITLE =    {First International Colloquium of Theoretical Aspects of Computing},
  YEAR =         {2004},
  volume =       {3407/2005},
  series =       {Lecture Notes in Computer Science},
  pages =        {403-414},
  address =      {Guiyang, China},
  publisher =    {Springer Berlin / Heidelberg},
}
@INPROCEEDINGS{Yisong:FSKD2008,
  AUTHOR =       {Yisong Wang and Xinqiang Ma},
  TITLE =        {Some Results on Order-Consistent Logic Program},
  BOOKTITLE =    {The Fifth International Conference on Fuzzy Systems and Knowledge Discovery},
  YEAR =         {2008},
  address =      {Shangdong, China},
  pages =        {403-414},
}


@INPROCEEDINGS{CLWZ06,
  AUTHOR =       "Yin Chen and Fangzhen Lin and Yisong Wang and Mingyi Zhang",
  TITLE =        "First-Order Loop Formulas for Normal Logic Programs",
  BOOKTITLE =    "Proceedings of the 10th International Conference on Principles of Knowledge Representation and Reasoning (KR 2006)",
  YEAR =         "2006",
  pages =        "298-307",
  address =      "Lake District of the United Kingdom",
  publisher =    "AAAI Press",
}
@ARTICLE{Simonsetal2002,
  AUTHOR =       "Patrik Simons and Ilkka Niemel$\ddot{a}$ and Timo Soininen",
  TITLE =        "Extending and implementing the stable model semantics",
  JOURNAL =      "Artificial Intelligence",
  YEAR =         "2002",
  volume =       "138",
  number =       "1-2",
  pages =        "181-234"
}

@INPROCEEDINGS{RC1981,
  AUTHOR =       "Raymond Reiter and Giovanni Criscuolo",
  TITLE =        "On Interacting Defaults",
  BOOKTITLE =    "IJCAI",
  YEAR =         "1981",
  number =       "270-276"
}
@ARTICLE{Reiter87,
  AUTHOR =       {Raymond Reiter},
  TITLE =        {A Theory of Diagnosis from First Principle},
  JOURNAL =      {Artificial Intelligence},
  YEAR =         {1987},
  volume =       {32},
  number =       {1},
  pages =        {57-95}
}

@BOOK{Makinson05,
  AUTHOR =       "David Makinson",
  TITLE =        "Bridges from Classical to Nonmonotonic Logic",
  PUBLISHER =    "London: King's College",
  YEAR =         "2005",
  volume =       "5",
  series =       "Texts in Computing",
  abstract =     "",
  isbn =         "1-904987-00-1"
}
@BOOK{GareyJohnson79,
  AUTHOR =       {Garey, M. R. and D. S. Johnson},
  TITLE =        {Computers and Intractibility: a Guide to the Theory of NP-Completeness},
  PUBLISHER =    {New York: W. H. Freeman and Company},
  YEAR =         {1979}
}
@BOOK{Papadimitriou1994,
  AUTHOR =       {Christos H. Papadimitriou},
  TITLE =        {Computatioinal complexity},
  PUBLISHER =    {Addison Wesley},
  YEAR =         {1994}
}
@ARTICLE{Dantsinetal2001,
  AUTHOR =       {Evgeny Dantsin and Thomas Eiter and Georg Gottlob and Andrei Voronkov},
  TITLE =        {Complexity and expressive power of logic programming},
  JOURNAL =      {ACM Computing Surveys},
  YEAR =         {2001},
  volume =       {33},
  number =       {3},
  pages =        {374-425}
}
@INPROCEEDINGS{Eiter2004KR,
  AUTHOR =       {Thomas Eiter and Wolfgang Faber and Michael Fink and Gerald Pfeifer and Stefan Woltran},
  TITLE =        {Complexity of Model Checking and Bounded Predicate Arities for Non-ground Answer Set Programming},
  BOOKTITLE =    {KR},
  YEAR =         {2004},
  pages =        {377-387}
}
@PHDTHESIS{SimonsPhD,
  AUTHOR =       {Patrik Simons},
  TITLE =        {Extending and implementing the stable model semantics},
  SCHOOL =       {Helsinki University of Technology},
  YEAR =         {2000},
  type =         {Doctoral dissertation},
  address =      {Espoo, Finland},
  month =        {April}
}

@MISC{lparse:manual,
  author =       {Tommi Syrj\"{a}nen},
  title =        {Lparse 1.0 User's Manual},
  howpublished = {http://www.tcs.hut.fi/Software/smodels/},
  year =         {2000},
}

@ARTICLE{Lparse,
  AUTHOR =       {Tommi Syrj\"{a}nen},
  TITLE =        {Implementation of local grounding for logic programs with stable model semantics},
  JOURNAL =      {Technical Report B18, Digital Systems Laboratory, Helsinki University of Technology},
  YEAR =         {1998},
  month =        {October},
  source =       {http://www.tcs.hut.fi/Software/smodels/lparse}
}
@INPROCEEDINGS{Jiahuai2005,
  AUTHOR =       {Jia-Huai You and Guohua Liu and Li-Yan Yuan and Curtis Onuczko},
  TITLE =        {Lookahead in Smodels Compared to Local Consistencies in CSP},
  BOOKTITLE =    {LPNMR},
  YEAR =         {2005},
  pages =        {266-278},
}
@INPROCEEDINGS{Jiahuai2004,
  AUTHOR =       {Jia-Huai You and Guiwen Hou},
  TITLE =        {Arc-Consistency + Unit Propagation = Lookahead},
  BOOKTITLE =    {ICLP},
  YEAR =         {2004},
  pages =        {314-328}
}

@ARTICLE{AB1994,
  AUTHOR =       {K.R. Apt and R. Bol},
  TITLE =        {Logic programming and negation: a survey},
  JOURNAL =      {Journal of Logic Programming},
  YEAR =         {1994},
  volume =       {19},
  number =       {20},
  pages =        {9-71}
}
@INPROCEEDINGS{Walksat,
  AUTHOR =       {Bart Selman and Henry A. Kautz and Bram Cohen},
  TITLE =        {Noise Strategies for Improving Local Search},
  BOOKTITLE =    {AAAI},
  YEAR =         {1994},
  pages =        {337-343}
}
@ARTICLE{SATO,
  AUTHOR =       {Hantao Zhang and Mark E. Stickel},
  TITLE =        {Implementing the Davis-Putnam Method},
  JOURNAL =      {Autom. Reasoning},
  YEAR =         {2000},
  volume =       {24},
  number =       {1/2},
  pages =        {277-296}
}
@INPROCEEDINGS{Satz,
  AUTHOR =       {Chu Min Li and Anbulagan},
  TITLE =        {Heuristics Based on Unit Propagation for Satisfiability Problems},
  BOOKTITLE =    {IJCAI},
  pages =        {366-371},
  YEAR = {1997},
}
@INPROCEEDINGS{You:IJCAI2003,
  AUTHOR =       {Jia-Huai You and Li-Yan Yuan and Zhang Mingyi},
  TITLE =        {On the Equivalence between Answer Sets and Models of Completion for Nested Logic Programs},
  BOOKTITLE =    {Proceedings of the Eighteenth International Joint Conference on Artificial Intelligence},
  YEAR =         {2003},
  pages =        {859-866},
  publisher = {Morgan Kaufmann},
  address=    {Acapulco, Mexico},

}
@ARTICLE{ErdemLifschitz2003,
  AUTHOR =       {Esra Erdem and Vladimir Lifschitz},
  TITLE =        {Tight logic programs},
  JOURNAL =      {Theory and Practice of Logic Programming},
  YEAR =         {2003},
  volume =       {3},
  number =       {4-5},
  pages =        {499-518},
}

@article{Lee:AIJ2006,
    author = "Jooyhung Lee and Fangzhen Lin",
    title = "Loop formulas for circumscription",
    journal = "Artificial Intelligence",
    volume = {170},
    number = {2},
    pages = "160-185",
    year = "2006",
}

@inproceedings{LeeLifschitz03,
  author =      {Jooyhung Lee and Vladimir Lifschitz},
  title =       {Loop formulas for disjunctive logic programs},
  Year =        {2003},
  BOOKTITLE =   {Proceedings of the Nineteenth International Conference on Logic Programming},
  pages =       {451-465},
  address =     {Mumbai, India},
  series    =   {Lecture Notes in Computer Science},
  volume    =   {2916},
  publisher =   {Springer},
}

@inproceedings{DBLP:conf/iclp/LeeL03,
  author    = {Joohyung Lee and
               Vladimir Lifschitz},
  title     = {Loop Formulas for Disjunctive Logic Programs},
  booktitle = {ICLP},
  year      = {2003},
  pages     = {451-465},
  ee        = {http://springerlink.metapress.com/openurl.asp?genre=article{\&}issn=0302-9743{\&}volume=2916{\&}spage=451},
  crossref  = {DBLP:conf/iclp/2003},
  bibsource = {DBLP, http://dblp.uni-trier.de}
}

@proceedings{DBLP:conf/iclp/2003,
  editor    = {Catuscia Palamidessi},
  title     = {Logic Programming, 19th International Conference, ICLP 2003,
               Mumbai, India, December 9-13, 2003, Proceedings},
  booktitle = {ICLP},
  publisher = {Springer},
  series    = {Lecture Notes in Computer Science},
  volume    = {2916},
  year      = {2003},
  isbn      = {3-540-20642-6},
  bibsource = {DBLP, http://dblp.uni-trier.de}
}


@ARTICLE{Lifschitz2006why,
  AUTHOR =       {Vladimir Lifschitz and Alexander A. Razborov},
  TITLE =        {Why are there so many loop formulas?},
  JOURNAL =      {ACM Transactions on Computational Logic},
  YEAR =         {2006},
  volume =       {7},
  number =       {2},
  pages =        {261-268},
}
@INPROCEEDINGS{Nogueiraetal2001,
  AUTHOR =       {Monica Nogueira and Marcello Balduccini and Michael Gelfond  and Richard Watson and Matthew Barry},
  TITLE =        {An A-Prolog Decision Support System for the Space Shuttle},
  BOOKTITLE =    {PADL},
  YEAR =         {2001},
  pages =        {169-183},
}
@ARTICLE{Lifschitz2002,
  AUTHOR =       {Vladimir Lifschitz},
  TITLE =        {Answer set programming and plan generation},
  JOURNAL =      {Artificial Intelligence},
  YEAR =         {2002},
  volume =       {138},
  pages =        {39-54},
}

@ARTICLE{MarekTruszcynski1991,
  AUTHOR =       {V. Wiktor Marek and Miroslaw Truszczynski},
  TITLE =        {Autoepistemic Logic},
  JOURNAL =      {J. ACM},
  YEAR =         {1991},
  volume =       {38},
  number =       {3},
  pages =        {588-619},
}

@INPROCEEDINGS{Kautz1996KR,
  AUTHOR =       {Henry A. Kautz and David A. McAllester and Bart Selman},
  TITLE =        {Encoding Plans in Propositional Logic},
  BOOKTITLE =    {KR},
  YEAR =         {1996},
  pages =        {374-384},
}
@INPROCEEDINGS{Kautz1996AAAI,
  AUTHOR =       {Henry A. Kautz and Bart Selman:},
  TITLE =        {Pushing the Envelope: Planning, Propositional Logic and Stochastic Search},
  BOOKTITLE =    {AAAI/IAAI},
  YEAR =         {1996},
  volume =       {2},
  pages =        {1194-1201},
}
@INPROCEEDINGS{Pednault1989KR,
  AUTHOR =       {Edwin P. D. Pednault},
  TITLE =        {ADL: Exploring the Middle Ground Between STRIPS and the Situation Calculus},
  BOOKTITLE =    {KR},
  YEAR =         {1989},
  pages =        {324-332},
}
@ARTICLE{Giunchiglia2004AI,
  AUTHOR =       {Enrico Giunchiglia and Joohyung Lee and Vladimir Lifschitz and Norman McCain and Hudson Turner},
  TITLE =        {Nonmonotonic causal theories},
  JOURNAL =      {Artif. Intell.},
  YEAR =         {2004},
  volume =       {153},
  number =       {1-2},
  pages =        {49-104},
}
@ARTICLE{Subrahmanian1995ICLP,
  AUTHOR =       {V. S. Subrahmanian and Carlo Zaniolo},
  TITLE =        {Relating Stable Models and AI Planning Domains},
  JOURNAL =      {ICLP},
  YEAR =         {1995},
  pages =        {233-247},
}
@INPROCEEDINGS{Minker1982,
  AUTHOR =       {Jack Minker},
  TITLE =        {On Indefinite Databases and the Closed World Assumption},
  BOOKTITLE =    {CADE},
  YEAR =         {1982},
  pages =        {292-308},
}
@ARTICLE{Lifschitz1999nested,
  AUTHOR =       {Vladimir Lifschitz and Lappoon R. Tang and Hudson Turner},
  TITLE =        {Nested expressions in logic programs},
  JOURNAL =      {Annals of Mathematics and Artificial Intelligence},
  YEAR =         {1999},
  volume =       {25},
  number =       {3-4},
  pages =        {369-389},
}
@ARTICLE{Baral1994,
  AUTHOR =       {Chitta Baral and Michael Gelfond},
  TITLE =        {Logic Programming and Knowledge Representation},
  JOURNAL =      {Journal of Logic Programming},
  YEAR =         {1994},
  volume =       {19},
  number =       {20},
  pages =        {73-148},
}
@ARTICLE{Eiter1998TCS,
  AUTHOR =       {Thomas Eiter and Nicola Leone and Domenico Sacc$\grave{a}$},
  TITLE =        {Expressive Power and Complexity of Partial Models for Disjunctive Deductive Databases},
  JOURNAL =      {Theor. Comput. Sci.},
  YEAR =         {1998},
  volume =       {206},
  number =       {1-2},
  pages =        {181-218},
}
@ARTICLE{Leone2006TCL,
  AUTHOR =       {Nicola Leone and Gerald Pfeifer and Wolfgang Faber and Thomas Eiter and Georg Gottlob and Simona Perri and Francesco Scarcello},
  TITLE =        {The DLV System for Knowledge Representation and Reasoning},
  JOURNAL =      {ACM Transactions on Computational Logic},
  YEAR =         {2006},
  volume =       {7},
  number =       {3},
  pages =        {499-562},
  source =       {http://www.arxiv.org/ps/cs.AI/0211004},
}
@ARTICLE{Mingyi2007,
  AUTHOR =       {ZHANG MingYi and ZHANG Ying and FangZheng LIN},
  TITLE =        {A characterization of answer sets for logic programs},
  JOURNAL =      {Science in China Series F: Information Sciences},
  YEAR =         {2007},
  volume =       {50},
  number =       {1},
  pages =        {46-62},
}
@ARTICLE{Lifschitz2001TCL,
  AUTHOR =       {Vladimir Lifschitz and David Pearce and Agust\'{\i}n Valverde},
  TITLE =        {Strongly equivalent logic programs},
  JOURNAL =      {ACM Transactions on Computational Logic},
  YEAR =         {2001},
  volume =       {2},
  number =       {4},
  pages =        {526-541},
}

@INPROCEEDINGS{Pearce2001EPIA,
 author = {David Pearce and Hans Tompits and Stefan Woltran},
 title = {Encodings for Equilibrium Logic and Logic Programs with Nested Expressions},
 booktitle = {Proceedings of the10th Portuguese Conference on Artificial Intelligence on Progress in Artificial Intelligence, Knowledge Extraction, Multi-agent Systems, Logic Programming and Constraint Solving},
 year = {2001},
 isbn = {3-540-43030-X},
 pages = {306--320},
 publisher = {Springer-Verlag},
 address = {London, UK},
 }

@INPROCEEDINGS{Soininen1999,
  AUTHOR =       {Timo Soininen and Ilkka Niemel$\ddot{a}$},
  TITLE =        {Developing a Declarative Rule Language for Applications in Product Configuration},
  BOOKTITLE =    {PADL},
  YEAR =         {1999},
  pages =        {305-319},
}
@ARTICLE{Ferraris2006,
  AUTHOR =       {Paolo Ferraris and Joohyung Lee and Vladimir Lifschitz},
  TITLE =        {A generalization of the Lin-Zhao theorem},
  JOURNAL =      {Annals of Mathematics and Artificial Intelligence},
  YEAR =         {2006},
  volume =       {47},
  number =       {1-2},
  pages =        {79-101},
}

@INPROCEEDINGS{Lee:ijcai05,
  AUTHOR =       {Joohyung Lee},
  TITLE =        {A Model-Theoretic Counterpart of Loop Formulas},
  BOOKTITLE =    {Proceedings of the Nineteenth International Joint Conference on Artificial Intelligence},
  YEAR =         {2005},
  pages =        {503-508},
  address =      {Edinburgh, Scotland, UK},
  publisher =    {Professional Book Center},
}

@ARTICLE{Zhang2007,
  AUTHOR =       {Zhang Mingyi and Zhang Ying and Fangzhen Lin},
  TITLE =        {A characterization of answer sets for logic programs},
  JOURNAL =      {Sci China Ser F-inf Sci},
  YEAR =         {2007},
  volume =       {50},
  number =       {1},
  pages =        {46-62},
}
@ARTICLE{LeeLin:aij,
  AUTHOR =       {Joohyung Lee and Fangzhen Lin},
  TITLE =        {Loop formulas for circumscription},
  JOURNAL =      {Artif. Intell.},
  YEAR =         {2006},
  volume =       {2},
  number =       {170},
  pages =        {160-185},
}
@ARTICLE{Moore:aij85,
  AUTHOR =       {Robert C. Moore},
  TITLE =        {Semantical Considerations on Nonmonotonic Logic},
  JOURNAL =      {Artif. Intell.},
  YEAR =         {1985},
  volume =       {25},
  number =       {1},
  pages =        {75-94},
}
@ARTICLE{Cadoli:JLP93,
  AUTHOR =       {Marco Cadoli and Marco Schaerf},
  TITLE =        {A Survey of Complexity Results for Nonmonotonic Logics},
  JOURNAL =      {Log. Program.},
  YEAR =         {1993},
  volume =       {17},
  number =       {2/3\&4},
  pages =        {127-160},
}
@INPROCEEDINGS{Lin:ijcai2007,
  AUTHOR =       {Fangzhen Lin and Yi Zhou},
  TITLE =        {From Answer Set Logic Programming to Circumscription via Logic of GK},
  BOOKTITLE =    {IJCAI},
  YEAR =         {2007},
  pages =        {441-446},
}
@ARTICLE{FL2005:TPLP,
  AUTHOR =       {Paolo Ferraris and Vladimir Lifschitz},
  TITLE =        {Weight constraints as nested expressions},
  JOURNAL =      {Theory and Practice of Logic Programming},
  YEAR =         {2005},
  volume =       {5},
  number =       {1-2},
  pages =        {45-74},
}

@INPROCEEDINGS{Ferraris:ijcai2007,
  AUTHOR =       {Paolo Ferraris and Joohyung Lee and Vladimir Lifschitz},
  TITLE =        { A New Perspective on Stable Models},
  BOOKTITLE =    {Proceedings of the 20th International Joint Conference on Artificial Intelligence},
  YEAR =         {2007},
  address =      {Hyderabad, India},
  pages =        {372-379},
}
@ARTICLE{Yidong:JAR2002,
  AUTHOR =       {Yi-Dong Shen and Li-Yan Yuan and Jia-Huai You},
  TITLE =        {SLT-Resolution for the Well-Founded Semantics},
  JOURNAL =      {J. Autom. Reasoning},
  YEAR =         {2002},
  volume =       {28},
  number =       {1},
  pages =        {53-97},
}
@ARTICLE{Kewen:TCL2005,
  AUTHOR =       {Kewen Wang and Lizhu Zhou},
  TITLE =        {Comparisons and computation of well-founded semantics for disjunctive logic programs},
  JOURNAL =      {ACM Trans. Comput. Log.},
  YEAR =         {2005},
  volume =       {6},
  number =       {2},
  pages =        {295-327},
}
@ARTICLE{Zheng1994,
  AUTHOR =       {Zheng Chuanjin},
  TITLE =        {Extensions and Strong Compatible subsets of Defaults},
  JOURNAL =      {Chinese Journal of Computers},
  YEAR =         {1994},
  volume =       {17},
  number =       {2},
  pages =        {142-146},
}
@ARTICLE{Costantini1995TCS,
  AUTHOR =       {Stefania Costantini},
  TITLE =        {Contributions to the Stable Model Semantics of Logic Programs with Negation},
  JOURNAL =      {Theor. Comput. Sci.},
  YEAR =         {1995},
  volume =       {149},
  number =       {2},
  pages =        {231-255},
}

@INPROCEEDINGS{Lifschitz1994ICLP,
  AUTHOR =       {Vladimir Lifschitz and Hudson Turner},
  TITLE =        {Splitting a Logic Program},
  BOOKTITLE =    {Proceedings of the eleventh international conference on Logic programming},
  YEAR =         {1994},
  pages =        {23-37},
  address =      {Santa Margherita Ligure, Italy},
  publisher =    {MIT Press},
}

@INPROCEEDINGS{Gebser2007IJCAI,
  AUTHOR =       {Martin Gebser and Benjamin Kaufmann and Andre Neumann and Torsten Schaub},
  TITLE =        {Conflict-Driven Answer Set Solving},
  BOOKTITLE =    {IJCAI},
  YEAR =         {2007},
  pages =        {386-392},
}
@INPROCEEDINGS{Gebser:ICLP2004,
  AUTHOR =       {Martin Gebser and Torsten Schaub},
  TITLE =        {Tableau Calculi for Answer Set Programming},
  BOOKTITLE =    {Proceeding of 22nd International Conference on Logic Programming},
  YEAR =         {2006},
  pages =        {11-25},
  address =      {Seattle, WA, USA},
  publisher =    {Springer },
}

@inproceedings{DBLP:Gebser:ICLP:2009,
  author    = {Martin Gebser and
               Max Ostrowski and
               Torsten Schaub},
  title     = {Constraint Answer Set Solving},
  booktitle = {Logic Programming, 25th International Conference, ICLP 2009},
  year      = {2009},
  pages     = {235-249},
  address   = {Pasadena, CA, USA},
  publisher = {Springer},
  series    = {Lecture Notes in Computer Science},
  volume    = {5649},
}

@proceedings{DBLP:conf/iclp/2009,
  editor    = {Patricia M. Hill and
               David Scott Warren},
  title     = {Logic Programming, 25th International Conference, ICLP 2009,
               Pasadena, CA, USA, July 14-17, 2009. Proceedings},
  booktitle = {ICLP},
  publisher = {Springer},
  series    = {Lecture Notes in Computer Science},
  volume    = {5649},
  year      = {2009},
  isbn      = {978-3-642-02845-8},
  ee        = {http://dx.doi.org/10.1007/978-3-642-02846-5},
  bibsource = {DBLP, http://dblp.uni-trier.de}
}

@INPROCEEDINGS{LinZhao04AAAI,
  AUTHOR =       {Fangzhen Lin and Xishun Zhao},
  TITLE =        {On Odd and Even Cycles in Normal Logic Programs},
  BOOKTITLE =    {the Eighteenth National Conference on Artificial Intelligence
            and Fourteenth Conference on Innovative Applications of Artificial Intelligence},
  YEAR =         {2004},
  pages =        {80-85},
  address =      {Edmonton, Alberta, Canada},
  publisher =    {AAAI Press},
}
@ARTICLE{Yisong2007JCST,
  AUTHOR =       {Yisong Wang and Mingyi Zhang and Yuping Shen},
  TITLE =        {Consistency Property of Finite FC-Normal Logic Programs},
  JOURNAL =      {Journal of Computer Science and Technology},
  YEAR =         {2007},
  volume =       {22},
  number =       {4},
  pages =        {554-561},
}
@ARTICLE{Hoare1969,
  AUTHOR =       {C.A.R. Hoare},
  TITLE =        {An Axiomatic BAsis for Computer Programming},
  JOURNAL =      {Comm. ACM},
  YEAR =         {1969},
  volume =       {12},
  pages =        {576-580,583},
}
@INPROCEEDINGS{Fangzhen03IJCAI,
  AUTHOR =       {Fangzhen Lin and Jicheng Zhao},
  TITLE =        {On Tight Logic Programs and Yet Another Translation from Normal Logic Programs to Propositional Logic},
  BOOKTITLE =    {IJCAI},
  YEAR =         {2003},
  pages =        {853-858},
}
@INPROCEEDINGS{Kapur1986,
  AUTHOR =       {Deepak Kapur and Paliath Narendran},
  TITLE =        {NP-Completeness of the Set Unification and Matching Problems},
  BOOKTITLE =    {8th International Conference on Automated Deduction},
  YEAR =         {1986},
  pages =        {489-495},
  publisher =    {Springer},
  series    =    {Lecture Notes in Computer Science},
  volume    =    {230},
  address =      {Oxford,England}
}

@ARTICLE{Egly2005,
  AUTHOR =       {Uwe Egly and Reinhard Pichler and Stefan Woltran},
  TITLE =        {On deciding subsumption problems},
  JOURNAL =      {Annals of Mathematics and Artificial Intelligence},
  YEAR =         {2005},
  volume =       {43},
  number =       {1},
  pages =        {255-294},
}


@INPROCEEDINGS{Pichler1998,
  AUTHOR =       {Reinhard Pichler},
  TITLE =        {On the Complexity of \textsc{H}-Subsumption},
  BOOKTITLE =    {Computer Science Logic, 12th International Workshop,Annual Conference of the EACS},
  volume =       {1584},
  YEAR =         {1998},
  pages =        {355-371},
  series =       {Lecture Notes in Computer Science},
  publisher =    {Springer},
  address =      {Brno, Czech Republic}
}
@ARTICLE{Dowling1984,
  AUTHOR =       {William F. Dowling and Jean H. Gallier},
  TITLE =        {Linear-Time Algorithms for Testing the Satisfiability of Propositional Horn Formulae},
  JOURNAL =      {Journal of Logic Programming},
  YEAR =         {1984},
  volume =       {1},
  number =       {3},
  pages =        {267-284},
}
@INPROCEEDINGS{Shen2007,
  AUTHOR =       {Yi-Dong Shen and Jia-Huai You},
  TITLE =        {A Generalized Gelfond-Lifschitz Transformation for Logic Programs with Abstract Constraints},
  BOOKTITLE =    {AAAI},
  YEAR =         {2007},
  pages =        {483-488},
}
@inproceedings{GelfondLifschitz88,
author = "Michael Gelfond and Vladimir Lifschitz",
title = "The stable model semantics for logic programming",
booktitle = "Proc. ICLP'88",
year = {1988},
pages = "1070--1080",
}

@inproceedings{GelfondLifschitz88-long,
author = "Michael Gelfond and Vladimir Lifschitz",
title = "The stable model semantics for logic programming",
booktitle = "Proceedings of the Fifth International Conference and Symposium on Logic Programming",
year = 1988,
pages = "1070--1080",
address = "Seattle, Washington",
publisher = "MIT Press",
}

@INCOLLECTION{gelfond,
    author = {Michael Gelfond},
    TITLE  = {Answer sets},
    Chapter = {7},
    booktitle ={Handbook of Knowledge Representation},
    pages ={285-316},
    publisher = {Elsevier},
    YEAR   = {2008}
}

@article{gelfond02,
author = "Michael Gelfond",
title = "Representing Knowledge in A-Prolog",
journal ="Computational Logic: Logic Programming and Beyond",
pages ="413-451",
year ="2002"
}


@article{GelfondLifschitz91,
author = "Michael Gelfond and Vladimir Lifschitz",
title = "Classical negation in logic programs and disjunctive databases",
journal = "New Generation Computing",
year = 1991,
volume = 9,
pages = "365--385"
}

@INPROCEEDINGS{Erdogan:LPNMR2004,
  AUTHOR =       {Selim T. Erdogan and Vladimir Lifschitz},
  TITLE =        {Definitions in Answer Set Programming},
  BOOKTITLE =    {Proceedings of the Seventh International Conference Logic Programming and Nonmonotonic Reasoning},
  YEAR =         {2004},
  pages =        {114-126},
  address =      {Fort Lauderdale, FL, USA},
  publisher =    {Springer},
}

@INPROCEEDINGS{Son2006,
  AUTHOR =       {Tran Cao Son and Enrico Pontelli and Phan Huy Tu},
  TITLE =        {Answer Sets for Logic Programs with Arbitrary Abstract Constraint Atoms},
  BOOKTITLE =    {AAAI},
  YEAR =         {2006},
}

@ARTICLE{Son:JAIR2007,
  AUTHOR =       {Tran Cao Son and Enrico Pontelli and Phan Huy Tu},
  TITLE =        {Answer Sets for Logic Programs with Arbitrary Abstract Constraint Atoms},
  JOURNAL =      {Journal of Artificial Intelligence Research},
  YEAR =         {2007},
  volume =       {29},
  pages =        {353-389},
}
@article{DBLP:Son:TPLP:2007,
  author    = {Tran Cao Son and
               Enrico Pontelli},
  title     = {A Constructive semantic characterization of aggregates in
               answer set programming},
  journal   = {TPLP},
  volume    = {7},
  number    = {3},
  year      = {2007},
}



@INPROCEEDINGS{You:LPNMR2007-full,
  AUTHOR =       {Jia-Huai You and Li-Yan Yuan and Guohua Liu and Yi-Dong Shen},
  TITLE =        {Logic Programs with Abstract Constraints: Representaton, Disjunction and Complexities},
  BOOKTITLE =    {Proceedings of the Ninth International Conference on Logic Programming and Nonmonotonic Reasoning},
  YEAR =         {2007},
  pages =        {228-240},
  address =      {Tempe, AZ, USA},
  publisher = {Springer-Verlag},
}

@inproceedings{You:AAAI08,
  author    = {Jia-Huai You and
               Guohua Liu},
  title     = {Loop Formulas for Logic Programs with Arbitrary Constraint
               Atoms},
  booktitle = {Proceedings of the Twenty-Third AAAI Conference on
               Artificial Intelligence (AAAI 2008)},
  year      = {2008},
  pages     = {584-589},
  address   = {Chicago, Illinois, USA},
  publisher = {AAAI Press},
}

@ARTICLE{Fages:JMLCS:1994,
  AUTHOR =       {Fran\c{c}ois Fages },
  TITLE =        {Consistency of Clark's completion and existence of stable models},
  JOURNAL =      {Journal of Methods of Logic in Computer Science},
  YEAR =         {1994},
  volume =       {1},
  pages =        {51-60},
}


@INPROCEEDINGS{Pelov:ASP:2003,
    author = {Nikolay Pelov and Marc Denecker and Maurice Bruynooghe},
    title = {Translation of Aggregate Programs to Normal Logic Programs},
    booktitle = {In ASP��03},
    year = {2003},
    pages = {29--42}
}


@article{Marek:TPLP2008,
 author = {Victor Marek and Ilkka Niemel\"a and Miroslaw Truszczy\'{n}ski},
 title = {Logic programs with monotone abstract constraint atoms},
 journal = {Theory and Practice of Logic Programming},
 volume = {8},
 number = {2},
 year = {2008},
 issn = {1471-0684},
 pages = {167--199},
 publisher = {Cambridge University Press},
 address = {New York, NY, USA},
 }

@article{Liu:JAIR06,
  author    = {Lengning Liu and
               Miroslaw Truszczynski},
  title     = {Properties and Applications of Programs with Monotone and
               Convex Constraints},
  journal   = {Journal of Artificial Intelligence Research},
  volume    = {27},
  year      = {2006},
  pages     = {299-334},
}

@ARTICLE{Niemela99,
  AUTHOR =       {Ilkka Niemel{\"{a}}},
  TITLE =        {Logic Programs with Stable Model Semantics as a Constraint Programming Paradigm},
  JOURNAL =      {Annals of Mathematics and Artificial Intelligence},
  YEAR =         {1999},
  volume =       {25},
  number =       {3-4},
  pages =        {241-273},
}

@inbook{Niemela00,
    author = {Ilkka Niemel{\"a} and Patrik Simons},
    booktitle = {Logic-Based Artificial Intelligence},
    chapter = {21},
    editor = {Jack Minker},
    pages = {491--521},
    publisher = {Kluwer Academic Publishers},
    address    = {Dordrecht},
    title = {Extending the {Smodels} System with Cardinality and Weight Constraints},
    year = {2000},
}

@INPROCEEDINGS{Cabalar04,
  AUTHOR =       {Pedro Cabalar and David Lorenzo},
  TITLE =        {Logic Programs with Functions and Default Values},
  BOOKTITLE =    {Proceedings of the Ninth European Conference on Logics in Artificial Intelligence},
  YEAR =         {2004},
  pages =        {294-306},
  address =      {Lisbon, Portugal},
  publisher =    {Springer}
}


@MISC{Cabalar05,
  AUTHOR =       {Pedro Cabalar},
  TITLE =        {A Functional Action Language Front-end},
  howpublished  =    {(presented at) The Third International Workshop on Answer Set Programming: Advances in Theory and Implementation},
  YEAR =         {2005},
  address =      {Bath, UK},
  month =        {July},
  note =         {http://www.dc.fi.udc.es/$\thicksim$cabalar/asp05\_C.pdf},
}

@INPROCEEDINGS{Baselice2007,
  AUTHOR =       {Sabrina Baselice and Piero A. Bonatti and Giovanni Criscuolo},
  TITLE =        {On Finitely Recursive Programs},
  BOOKTITLE =    {Proceedings of the Twenty Third International Conference on Logic Programming},
  YEAR =         {2007},
  pages =        {89-103},
  address =      {Porto, Portugal},
  publisher =    {Springer},
}
@ARTICLE{Bonatti2004,
  AUTHOR =       {Piero A. Bonatti},
  TITLE =        {Reasoning with infinite stable models},
  JOURNAL =      {Artificial Intelligence},
  YEAR =         {2004},
  volume =       {156},
  number =       {1},
  pages =        {75-111},
}

@BOOK{Rina2003,
  AUTHOR =       {Dechter Rina},
  TITLE =        {Constraint Processing},
  PUBLISHER =    {Morgan Kaufmann},
  YEAR =         {2003}
}

@BOOK{Enderton2000,
  AUTHOR =       {Herbert B. Enderton},
  TITLE =        {A Mathematical Introduction to Logic},
  PUBLISHER =    {Academic Press},
  YEAR =         {2000},
  edition =      {Second Edition}
}
@article{Reiter80:ACM,
  author    = {Raymond Reiter},
  title     = {Equality and Domain Closure in First-Order Databases},
  journal   = {J. ACM},
  volume    = {27},
  number    = {2},
  year      = {1980},
  pages     = {235-249},
  ee        = {db/journals/jacm/Reiter80.html, http://doi.acm.org/10.1145/322186.322189},
  bibsource = {DBLP, http://dblp.uni-trier.de}
}
@INPROCEEDINGS{Walsh00,
  AUTHOR =       {Toby Walsh},
  TITLE =        {SAT v CSP},
  BOOKTITLE =    {CP},
  YEAR =         {2000},
  pages =        {441-456},
}


@inproceedings{eiter-auto-ontology2007,
  author    = {J. Bruijn and T. Eiter and A. Polleres and H. Tompits},
  title     = {Embedding non-ground logic programs into autoepistemic logic for knowledge-base combination},
  booktitle = {Proceedings of International Joint Conference On Artificial Intelligence (IJCAI-07)},
  year      = {2007},
  pages     = {304-309},
}


@INPROCEEDINGS{Naoyuki06,
  AUTHOR =       {Naoyuki Tamura and Akiko Taga and Satoshi Kitagawa and Mutsunori Banbara},
  TITLE =        {Compiling Finite Linear CSP into SAT},
  BOOKTITLE =    {CP},
  YEAR =         {2006},
  pages =        {590-603},
}
@article{GLM06:JAR,
  author    = {Enrico Giunchiglia and Yuliya Lierler and Marco Maratea},
  title     = {Answer Set Programming Based on Propositional Satisfiability},
  journal   = {Journal of Automated Reasoning},
  volume    = {36},
  number    = {4},
  year      = {2006},
  pages     = {345-377}
}

@INPROCEEDINGS{Yuliya:ICLP2009,
  AUTHOR =       {Yuliya Lierler and Vladimir Lifschitz},
  TITLE =        {One More Decidable Class of Finitely Ground Programs},
  BOOKTITLE =    {ICLP},
  YEAR =         {2009},
  pages =        {},
  note =        {To appear},
}

@INPROCEEDINGS{Dovier:ICLP2005,
  AUTHOR =       {Agostino Dovier and Andrea Formisano and Enrico Pontellia},
  TITLE =        {A Comparison of CLP(FD) and ASP Solutions to NP-Complete Problems},
  BOOKTITLE =    {ICLP},
  YEAR =         {2005},
  pages =        {67-82},
}
@INPROCEEDINGS{LW:KR08,
  AUTHOR =       {Fangzhen Lin and Yisong Wang},
  TITLE =        {Answer set programming with functions},
  BOOKTITLE =    {Proceedings of the 11th International Conference on Principles of Knowledge Representation and Reasoning},
  YEAR =         {2008},
  ADDRESS =      {Sydney, Australia},
  publisher =    {AAAI Press},
  PAGES =        {454-464},
}

@inproceedings{DBLP:Yisong:LPNMR:2009,
  author    = {Yisong Wang and
               Jia-Huai You and
               Li-Yan Yuan and
               Mingyi Zhang},
  title     = {Weight Constraint Programs with Functions},
  booktitle = {Logic Programming and Nonmonotonic Reasoning, 10th International
               Conference, LPNMR 2009},
  year      = {2009},
  publisher = {Springer},
  series    = {Lecture Notes in Computer Science},
  volume    = {5753},
  pages     = {329-341},
  address   = {Potsdam, Germany},
}


@INPROCEEDINGS{Lee:KR08,
  AUTHOR =       {Joohyung Lee and Yunsong Meng},
  TITLE =        {On Loop Formulas with Variables},
  BOOKTITLE =    {Proceedings of the 11th International Conference on Principles of Knowledge Representation and Reasoning (KR 2008)},
  YEAR =         {2008},
  ADDRESS =      {Sydney, Australia},
  PAGES =        {444-453},
  publisher = {AAAI Press},
}

@ARTICLE{LinZhao:assat,
  AUTHOR =       {Fangzhen Lin and Yuting Zhao},
  TITLE =        {\textsc{ASSAT}: computing answer sets of a logic program by \textsc{SAT} solvers},
  JOURNAL =      {Artificial Intelligence},
  YEAR =         {2004},
  volume =       {157},
  number =       {1-2},
  pages =        {115-137},
}
@article{AGM:JSL85,
  author    = {C. E. Alchourr$\ddot{o}$n, P. G$\ddot{a}$rdenfors, and D. Makinson},
  title     = {On the logic of theory change: Partial meet contraction and revision functions},
  journal   = {Journal of Symbolic Logic},
  volume    = {50},
  number    = { },
  year      = {1985},
  pages     = {510-530}
}

@INPROCEEDINGS{ katsuno91difference,
    author = "Hirofumi Katsuno and Alberto Mendelzon",
    title = "On the Difference Between Updating a Knowledge Base and Revising It",
    booktitle = "{KR}'91: Principles of Knowledge Representation and Reasoning",
    publisher = "Morgan Kaufmann",
    address = "San Mateo, California",
    editor = "James F. Allen and Richard Fikes and Erik Sandewall",
    pages = "387--394",
    year = "1991",
    url = "citeseer.ist.psu.edu/417296.html"
}

@ARTICLE{DarwicheJAI97,
  AUTHOR =       {Adnan Darwiche and Judea Pearl},
  TITLE =        {On the Logic of Iterated Belief Revision},
  JOURNAL =      {Artificial Intelligence},
  YEAR =         {1997},
  volume =       {89},
  pages =        {1--29},
}

@INPROCEEDINGS{ alferes98dynamic,
    author = "Jose Julio Alferes and Joao Alexandre Leite and Luis Moniz Pereira and Halina Przymusinska and Teodor C. Przymusinski",
    title = "Dynamic Logic Programming",
    booktitle = "Principles of Knowledge Representation and Reasoning",
    pages = "98-111",
    year = "1998",
    url = "citeseer.ist.psu.edu/article/alferes98dynamic.html"
}

@INPROCEEDINGS{FaginUV83,
  author    = {Ronald Fagin and
               Jeffrey D. Ullman and
               Moshe Y. Vardi},
  title     = {On the Semantics of Updates in Databases},
  booktitle = {PODS},
  year      = {1983},
  pages     = {352-365},
}

@BOOK{Levi84,
  AUTHOR =       {Isaac Levi},
  TITLE =        {The Enterprise of Knowledge},
  PUBLISHER =    {The MIT Press,. Cambridge, Massachusetts.},
  YEAR =         {1980},
}

@INPROCEEDINGS{BLOG:IJCAI05,
  AUTHOR =       {Brian Milch and Bhaskara Marthi and Stuart J. Russell and David Sontag and Daniel L. Ong and Andrey Kolobov},
  TITLE =        {BLOG: Probabilistic Models with Unknown Objects},
  BOOKTITLE =    {IJCAI},
  YEAR =         {2005},
  pages =        {1352-1359},
}

@ARTICLE{Richardson:ML06,
  AUTHOR =       {Matthew Richardson and Pedro Domingos},
  TITLE =        {Markov logic networks},
  JOURNAL =      {Machine Learning},
  YEAR =         {2006},
  volume =       {62},
  number =       {1-2},
  pages =        {107-136},
}

@ARTICLE{Halpern:AIJ90,
  AUTHOR =       {Joseph Y. Halpern},
  TITLE =        {An Analysis of First-Order Logics of Probability},
  JOURNAL =      {Artif. Intell.},
  YEAR =         {1990},
  volume =       {46},
  number =       {3},
  pages =        {311-350},
}

@ARTICLE{Fagin:JIC90,
  AUTHOR =       {Ronald Fagin and Joseph Y. Halpern and Nimrod Megiddo},
  TITLE =        {A Logic for Reasoning about Probabilities},
  JOURNAL =      {Inf. Comput.},
  YEAR =         {1990},
  volume =       {87},
  number =       {1/2},
  pages =        {78-128},
}
@inproceedings{Simkus:LPAR07,
   author    = {Mantas Simkus and
                Thomas Eiter},
   title     = {$\mathbb{FDNC}$: Decidable Non-monotonic Disjunctive Logic Programs with Function Symbols},
   booktitle = {Proceedings of Fourteenth International Conference on Logic for Programming
                Artificial Intelligence and Reasoning},
   year      = {2007},
   pages     = {514-530},
   publisher = {Springer},
   address   = {Yerevan, Armenia},
}
@article{CalimeriCI07:AMAI2007,
   author    = {Francesco Calimeri and
                Susanna Cozza and
                Giovambattista Ianni},
   title     = {External sources of knowledge and value invention in logic programming},
   journal   = {Annals of Mathematics and Artificial Intelligence},
   volume    = {50},
   number    = {3-4},
   year      = {2007},
   pages     = {333-361},
   ee        = {http://dx.doi.org/10.1007/s10472-007-9076-z},
   bibsource = {DBLP, http://dblp.uni-trier.de}
}
@INPROCEEDINGS{Tommi:LPNMR01,
  AUTHOR =       {Tommi Syrj\"{a}nen},
  TITLE =        {Omega-Restricted Logic Programs},
  BOOKTITLE =    {Proceedings of the Sixth International Conference on Logic Programming and Nonmonotonic Reasoning},
  YEAR =         {2001},
  pages =        {267-279},
  address =      {Vienna, Austria},
  publisher =    {Springer},
}

@inproceedings{Linke:ICLP04,
  author    = {Thomas Linke and
               Hans Tompits and
               Stefan Woltran},
  title     = {On Acyclic and Head-Cycle Free Nested Logic Programs},
  booktitle = {Proceedings of the Twentyth International Conference on Logic Programming},
  year      = {2004},
  pages     = {225-239},
  publisher = {Springer},
  address   = {Saint-Malo, France},
  series    = {Lecture Notes in Computer Science},
}

@ARTICLE{Vennekens:TOCL2006,
  AUTHOR =       {Joost Vennekens and David Gilis and Marc Denecker},
  TITLE =        {Splitting an operator: Algebraic modularity results for logics with fixpoint semantics},
  JOURNAL =      {ACM Transactions on Computational Logic},
  YEAR =         {2006},
  volume =       {7},
  number =       {4},
  pages =        {765-797},
}

@INPROCEEDINGS{Lifschitz:AAAI2008,
  AUTHOR =       {Vladimir Lifschitz},
  TITLE =        {What Is Answer Set Programming?},
  BOOKTITLE =    {Proceedings of the Twenty-Third AAAI Conference on Artificial Intelligence},
  YEAR =         {2008},
  pages =        {1594-1597},
  address =      {Chicago, Illinois, USA},
  publisher =    {AAAI Press},
}

@INPROCEEDINGS{Lifschitz:ICLP2008,
  AUTHOR =       {Vladimir Lifschitz},
  TITLE =        {Twelve Definitions of a Stable Model},
  BOOKTITLE =    {Proceedings of the 24th International Conference Logic Programming},
  YEAR =         {2008},
  volume =       {5366},
  series =       {Lecture Notes in Computer Science},
  pages =        {37-51},
  address =      {Udine, Italy},
  publisher =    {Springer},
}

@ARTICLE{Milnikel:FI2001,
  AUTHOR =       {Robert Saxon Milnikel},
  TITLE =        {Skeptical Reasoning in FC-Normal Logic Programs is $\Pi_1^1$-complete},
  JOURNAL =      {Fundamenta Informaticae},
  YEAR =         {2001},
  volume =       {45},
  number =       {3},
  pages =        {237-252},
}
@BOOK{Boolos:book:CL2007,
  AUTHOR =       {George S. Boolos and John P. Burgess and Richard C. Jeffrey},
  TITLE =        {Computability and Logic},
  PUBLISHER =    {Cambridge University Press},
  YEAR =         {2007},
  edition =      {5th},
  isbn =         {0521877520},
}

@INPROCEEDINGS{Ferraris:Gabby2005,
  AUTHOR =       {Paolo Ferraris and Vladimir Lifschitz},
  TITLE =        {Mathematical Foundations of Answer Set Programming},
  BOOKTITLE =    {We Will Show Them! Essays in Honour of Dov Gabbay},
  YEAR =         {2005},
  editor =       {Sergei N. Art{\"e}mov and
               Howard Barringer and
               Artur S. d'Avila Garcez and
               Lu\'{\i}s C. Lamb and
               John Woods},
  volume =       {1},
  pages =        {615-664},
  publisher =    {College Publications},
}



@INBOOK{Gabbay1994,
  AUTHOR =       {Dov M. Gabbay},
  editor =       {D.M. Gabbay and C.J. Hogger and J.A. Robinson},
  TITLE =        {Handbook of Logic in Artificial Intelligence and Logic Programming},
  CHAPTER =      {2.6 Classical vs non-classical logic},
  PUBLISHER =    {Oxford University Press},
  YEAR =         {1994},
  volume =       {2},
}

@INBOOK{ASP:Handbook:KR08,
  AUTHOR =       {Michael Gelfond},
  editor =       {Frank Van Harmelen and Vladimir Lifschitz and Bruce Porter},
  TITLE =        {Handbook of Knowledge Representation},
  CHAPTER =      {7 Answer Sets},
  pages =        {285-316},
  PUBLISHER =    {Elsevier},
  YEAR =         {2008},
  series =       {Foundations in Artificial Intelligence},
}

@BOOK{Handbook:KR08,
  editor =       {Frank Van Harmelen and Vladimir Lifschitz and Bruce Porter},
  TITLE =        {Handbook of Knowledge Representation},
  PUBLISHER =    {Elsevier},
  YEAR =         {2008},
}

@INPROCEEDINGS{Bria:JELIA2008,
  AUTHOR =       {Annamaria Bria and Wolfgang Faber and Nicola Leone},
  TITLE =        {Normal Form Nested Programs},
  BOOKTITLE =    {Logics in Artificial Intelligence, 11th European Conference},
  YEAR =         {2008},
  volume =       {5293},
  series =       {Lecture Notes in Computer Science},
  pages =        {76-88},
  address =      {Dresden, Germany},
  publisher =    {Springer},
}

@INPROCEEDINGS{Lee:ICLP2008,
  AUTHOR =       {Joohyung Lee and Vladimir Lifschitz and Ravi Palla},
  TITLE =        {Safe Formulas in the General Theory of Stable Models (Preliminary Report)},
  BOOKTITLE =    {Logic Programming, 24th International Conference},
  YEAR =         {2008},
  volume =       {5366},
  series =       {Lecture Notes in Computer Science},
  pages =        {672-676},
  address =      {Udine, Italy},
  publisher =    {Springer},
}

@inproceedings{DBLP:Lee:LPNMR:2009,
  author    = {Joohyung Lee and
               Yunsong Meng},
  title     = {On Reductive Semantics of Aggregates in Answer Set Programming},
  booktitle = {Logic Programming and Nonmonotonic Reasoning, 10th International
               Conference, LPNMR 2009},
  year      = {2009},
  pages     = {182-195},
  address   = {Potsdam, Germany},
  publisher = {Springer},
  series    = {Lecture Notes in Computer Science},
  volume    = {5753},
}


@INPROCEEDINGS{Calimeri:ICLP2008,
  AUTHOR =       {Francesco Calimeri and Susanna Cozza and Giovambattista Ianni and Nicola Leone},
  TITLE =        {Computable Functions in ASP: Theory and Implementation},
  BOOKTITLE =    {Logic Programming, 24th International Conference},
  YEAR =         {2008},
  volume =       {5366},
  series =       {Lecture Notes in Computer Science},
  pages =        {407-424},
  address =      {Udine, Italy},
  publisher =    {Springer},
}

@INPROCEEDINGS{Pearce:ICLP2008,
  AUTHOR =       {David Pearce},
  TITLE =        {A new logical characterisation of stable models and answer sets},
  editor    =    {J{\"u}rgen Dix and Lu\'{\i}s Moniz Pereira and Teodor C. Przymusinski},
  BOOKTITLE =    {Non-Monotonic Extensions of Logic Programming},
  YEAR =         {1997},
  volume =       {1216},
  series =       {Lecture Notes in Computer Science},
  pages =        {57-70},
  address =     {Bad Honnef, Germany},
  publisher =    {Springer},
}

@article{Dix95:FIa,
  author    = {J{\"u}rgen Dix},
  title     = {A Classification Theory of Semantics of Normal Logic Programs:
               II. Weak Properties},
  journal   = {Fundamenta Informaticae},
  volume    = {22},
  number    = {3},
  year      = {1995},
  pages     = {257-288}
}

@article{Dix95:FI,
  author    = {J{\"u}rgen Dix},
  title     = {A Classification Theory of Semantics of Normal Logic Programs:
               I. Strong Properties},
  journal   = {Fundamenta Informaticae},
  volume    = {22},
  number    = {3},
  year      = {1995},
  pages     = {227-255},
}


@inproceedings{Pearce:JELIA2004,
  author    = {David Pearce and Agust\'{\i}n Valverde},
  title     = {Towards a First Order Equilibrium Logic for Nonmonotonic Reasoning},
  BOOKTITLE    = {Logics in Artificial Intelligence, 9th European Conference},
  year      = {2004},
  volume    = {3229},
  series    = {Lecture Notes in Computer Science},
  pages =     {147-160},
  address =  {Lisbon, Portugal},
  publisher = {Springer},
}


@ARTICLE{Mellarkod:AMAI2008,
  AUTHOR =       {V.S. Mellarkod and  M. Gelfond and Y. Zhang},
  TITLE =        {Integrating answer set programming and constraint logic programming},
  JOURNAL =      {Annals of Mathematics and Artificial Intelligence},
  YEAR =         {2008},
  volume = {53},
  number = {1-4},
  pages = {251-287},
}

@article{DBLP:journals/ai/Nilsson86,
  author    = {Nils J. Nilsson},
  title     = {Probabilistic Logic},
  journal   = {Artif. Intell.},
  volume    = {28},
  number    = {1},
  year      = {1986},
  pages     = {71-87},
  bibsource = {DBLP, http://dblp.uni-trier.de}
}
@article{DBLP:journals/ai/Lukasiewicz05,
  author    = {Thomas Lukasiewicz},
  title     = {Weak nonmonotonic probabilistic logics},
  journal   = {Artif. Intell.},
  volume    = {168},
  number    = {1-2},
  year      = {2005},
  pages     = {119-161},
  ee        = {http://dx.doi.org/10.1016/j.artint.2005.05.005},
  bibsource = {DBLP, http://dblp.uni-trier.de}
}


@article{DBLP:journals/ai/EiterILST08,
  author    = {Thomas Eiter and
               Giovambattista Ianni and
               Thomas Lukasiewicz and
               Roman Schindlauer and
               Hans Tompits},
  title     = {Combining answer set programming with description logics for the Semantic Web},
  journal   = {Artifical Intelligence},
  volume    = {172},
  number    = {12-13},
  year      = {2008},
  pages     = {1495-1539},
  ee        = {http://dx.doi.org/10.1016/j.artint.2008.04.002},
  bibsource = {DBLP, http://dblp.uni-trier.de}
}

@inproceedings{DBLP:Eiter:KR:2004,
  author    = {Thomas Eiter and
               Thomas Lukasiewicz and
               Roman Schindlauer and
               Hans Tompits},
  title     = {Combining Answer Set Programming with Description Logics  for the Semantic Web},
  booktitle = {Principles of Knowledge Representation and Reasoning: Proceedings
               of the Ninth International Conference (KR2004)},
  year      = {2004},
  publisher = {AAAI Press},
  address   = {Whistler,  Canada},
  pages     = {141-151},
}


@inproceedings{DBLP:conf/ijcai/MotikR07,
  author    = {Boris Motik and
               Riccardo Rosati},
  title     = {A Faithful Integration of Description Logics with Logic Programming},
  booktitle = {Proceedings of the 20th International Joint
               Conference on Artificial Intelligence (IJCAI 2007)},
  address   = {Hyderabad, India},
  year      = {2007},
  pages     = {477-482},
}
@ARTICLE{Motik:JACM:2010,
  AUTHOR =       {Boris Motik and Riccardo Rosati},
  TITLE =        {Reconciling Description Logics and Rules},
  JOURNAL =      {Journal of the ACM},
  YEAR =         {2010},
  volume =       {57},
  number =       {5},
  pages =        {1--62},
}


@MISC{Motik:JACM:submission:2008,
  author =       {Boris Motik and
               Riccardo Rosati},
  title =        {Reconciling Description Logics and Rules},
  howpublished = {Submitted to JACM},
  year =         {2008},
  source =       {http://web.comlab.ox.ac.uk/people/boris.motik/pubs/mr08reconciling.pdf},
  note =       {http://web.comlab.ox.ac.uk/people/boris.motik/pubs/mr08reconciling.pdf},
}

@incollection{DBLP:series/lncs/DrabentEIKLM09,
  author    = {Wlodzimierz Drabent and
               Thomas Eiter and
               Giovambattista Ianni and
               Thomas Krennwallner and
               Thomas Lukasiewicz and
               Jan Maluszynski},
  title     = {Hybrid Reasoning with Rules and Ontologies},
  booktitle = {Semantic Techniques for the Web, The REWERSE Perspective},
  year      = {2009},
  pages     = {1-49},
  publisher = {Springer},
  series    = {Lecture Notes in Computer Science},
  volume    = {5500},

}

@book{DBLP:series/lncs/5500,
  editor    = {Fran\c{c}ois Bry and
               Jan Maluszynski},
  title     = {Semantic Techniques for the Web, The REWERSE Perspective},
  booktitle = {REWERSE},
  publisher = {Springer},
  series    = {Lecture Notes in Computer Science},
  volume    = {5500},
  year      = {2009},
  isbn      = {978-3-642-04580-6},
  ee        = {http://dx.doi.org/10.1007/978-3-642-04581-3},
  bibsource = {DBLP, http://dblp.uni-trier.de}
}

@inproceedings{DBLP:conf/esws/Lukasiewicz07,
  author    = {Thomas Lukasiewicz},
  title     = {A Novel Combination of Answer Set Programming with Description
               Logics for the Semantic Web},
  booktitle = {The Semantic Web: Research and Applications, 4th European
               Semantic Web Conference (ESWC2007)},
  year      = {2007},
  pages     = {384-398},
  publisher = {Springer},
  series    = {Lecture Notes in Computer Science},
  volume    = {4519},
  address   = {Innsbruck, Austria},
}


@inproceedings{DBLP:conf/ijcai/Lifschitz91,
  author    = {Vladimir Lifschitz},
  title     = {Nonmonotonic Databases and Epistemic Queries},
  booktitle = {Proceedings of the 12th International Joint Conference on Artificial Intelligence (IJCAI1991)},
  address   = {Sydney, Australia},
  year      = {1991},
  pages     = {381-386},
  publisher = {Morgan Kaufmann},
  bibsource = {DBLP, http://dblp.uni-trier.de}
}
@INCOLLECTION{apt88towards,
  AUTHOR       = {Apt, K. R. and Blair, H. A. and Walker, A.},
  BOOKTITLE    = {Foundations of deductive databases and logic programming},
  EDITOR       = {Minker, J.},
  PAGES        = {293-322},
  PUBLISHER    = {Morgan Kaufmann, Los Altos},
  TITLE        = {Towards a theory of declarative knowledge},
  YEAR         = {1988}
}
@inproceedings{PapadimitriouYannakakis92,
  author = {Christos H. Papadimitriou and Mihalis Yannakakis},
  title = {Tie-breaking semantics and structural totality},
  booktitle = {Proceedings of 11th ACM conference on Principles of Database
               Systems (PODS 1992)},
  year = {1992},
  pages = {16-22},
  publisher = {ACM Press},
  address = {San Diego, California},
}

@ARTICLE{Gelderetal1991,
  AUTHOR =       "Allen {Van Gelder} and Kenneth A. Ross and John S. Schlipf",
  TITLE =        "The Well-Founded Semantics for General Logic Programs",
  JOURNAL =      "J. ACM",
  YEAR =         "1991",
  volume =       "38",
  number =       "3",
  pages =        "620-650"
}

@ARTICLE{Sato1990,
  AUTHOR =       "Taisuke Sato",
  TITLE =        "Completed Logic Programs and their Consistency",
  JOURNAL =      "Journal of Logic Programming",
  YEAR =         "1990",
  volume =       "9",
  number =       "1",
  pages =        "33-44"
}

@ARTICLE{Kunen1989,
  AUTHOR =       "Kenneth Kunen",
  TITLE =        "Signed Data Dependencies in Logic Programs",
  JOURNAL =      "Journal of Logic Programming",
  YEAR =         "1989",
  volume =       "7",
  number =       "3",
  pages =        "231-245"
}
@article{DBLP:journals/jcst/ZhaoS07,
  author    = {Xi-Shun Zhao and
               Yu-Ping Shen},
  title     = {Comparison of Semantics of Disjunctive Logic Programs Based
               on Model-Equivalent Reduction},
  journal   = {Journal of Computer Science and Technology},
  volume    = {22},
  number    = {4},
  year      = {2007},
  pages     = {562-568},
}

@ARTICLE{Chenwu:JCST2009,
  AUTHOR =       {Wu Chen and Ming-Yi Zhang and Mao-Nian Wu},
  TITLE =        {Logic-Program-Based Negotiation Mechanism},
  JOURNAL =      {Journal of Computer Science and Technology},
  YEAR =         {2009},
  volume =       {24},
  number =       {4},
  pages =        {753-760},
}

@INPROCEEDINGS{Eiter:RuleML2004,
    author = {Thomas Eiter and Thomas Lukasiewicz and Roman Schindlauer and Hans Tompits},
    title = {Well-founded semantics for description logic programs in the semantic web},
    booktitle = {Rules and Rule Markup Languages for the Semantic Web: Third
               International Workshop, RuleML 2004},
    address ={Hiroshima, Japan},
    year = {2004},
    pages = {81--97},
    series    = {Lecture Notes in Computer Science},
    volume    = {3323},
    publisher = {Springer}
}


@inproceedings{DBLP:Shen:LPNMR:2009,
  author    = {Yi-Dong Shen and
               Jia-Huai You},
  title     = {A Default Approach to Semantics of Logic Programs with Constraint Atoms},
  booktitle = {Proc. LPNMR-09},
  year      = {2009},
  pages     = {277-289},
  address   = {Potsdam, Germany},
  publisher = {Springer},
  series    = {Lecture Notes in Computer Science},
  volume    = {5753},
}

@inproceedings{DBLP:Shen:LPNMR:2009-full,
  author    = {Yi-Dong Shen and
               Jia-Huai You},
  title     = {A Default Approach to Semantics of Logic Programs with Constraint Atoms},
  booktitle = {Logic Programming and Nonmonotonic Reasoning, 10th International
               Conference (LPNMR2009)},
  year      = {2009},
  pages     = {277-289},
  address   = {Potsdam, Germany},
  publisher = {Springer},
  series    = {Lecture Notes in Computer Science},
  volume    = {5753},
}


@BOOK{Badder:Handbook:DL:2007,
  Author =       {Franz Baader and Diego Calvanese and Deborah L. McGuinness and Daniele Nardi and Peter F. Patel-Schneider},
  TITLE =        {The Description Logic Handbook: Theory, Implementation, and Applications},
  PUBLISHER =    {Cambridge University Press},
  YEAR =         {2007},
  edition =      {2nd},
  address =      {New York, NY},
}

@ARTICLE{Eiter:TOCL2011,
  AUTHOR =       {Thomas Eiter and Thomas Lukasiewicz and Giovambattista Ianni and Roman Schindlauer},
  TITLE =        {WELL-FOUNDED SEMANTICS FOR DESCRIPTION LOGIC PROGRAMS IN THE SEMANTIC WEB},
  JOURNAL =      {ACM Transactions on Computational Logic (TOCL)},
  YEAR =         {2011(in press)},
  volume =       {12},
  number =       {2},
  pages =        { },
  note =         {Article 3}
}

@article{DBLP:Yidong:TPLP:2009,
  author    = {Yi-Dong Shen and
               Jia-Huai You and
               Li-Yan Yuan},
  title     = {Characterizations of Stable Model Semantics for Logic Programs
               with Arbitrary Constraint Atoms},
  journal   = {Theory and Practice of Logic Programming},
  ee        = {http://arxiv.org/abs/0904.4727},
  volume    = {9},
  number    = {4},
  year      = {2009},
  pages     = {529-564},
  bibsource = {DBLP, http://dblp.uni-trier.de}
}

@article{DBLP:journals/csur/BordeauxHZ06,
  author    = {Lucas Bordeaux and
               Youssef Hamadi and
               Lintao Zhang},
  title     = {Propositional Satisfiability and Constraint Programming:
               A comparative survey},
  journal   = {ACM Comput. Surv.},
  volume    = {38},
  number    = {4},
  year      = {2006},
  ee        = {http://doi.acm.org/10.1145/1177352.1177354},
  bibsource = {DBLP, http://dblp.uni-trier.de}
}
@ARTICLE{Berners:Science:2001,
  AUTHOR =       {Tim Berners-Lee and James Hendler and Ora Lassila },
  TITLE =        {The Semantic Web},
  JOURNAL =      {Scientific American Magazine},
  YEAR =         {2001},
  volume =       {284},
  number =       {5},
  pages =        {34-43},
}
@article{DBLP:Shadbolt:IIS:2006,
  author    = {Nigel Shadbolt and
               Tim Berners-Lee and
               Wendy Hall},
  title     = {The Semantic Web Revisited},
  journal   = {IEEE Intelligent Systems},
  volume    = {21},
  number    = {3},
  year      = {2006},
  pages     = {96-101},
  ee        = {http://doi.ieeecomputersociety.org/10.1109/MIS.2006.62},
  bibsource = {DBLP, http://dblp.uni-trier.de}
}

@UNPUBLISHED{OWL:2006,
  AUTHOR =       {W3C},
  TITLE =        {\textsc{OWL} 1.1 Web ontology language overview},
  NOTE =         {Available at http://www.w3.org/Submission/owl11-overview/},
  year =         {2006},
}


@MISC{OWL2-overview,
  author =       {{W3C OWL Working Group}},
  title =        {{OWL~2 Web Ontology Language: Document Overview}},
  howpublished = {http://www.w3.org/TR/owl2-overview/},
  year =         {2009},
}

@inproceedings{DBLP:Horrocks:DL:2003,
  author    = {Ian Horrocks and
               Peter F. Patel-Schneider},
  title     = {Reducing \textsc{OWL} Entailment to Description Logic Satisfability},
  booktitle = {Proceedings of the 2003 International Workshop on Description  Logics (DL2003)},
  year      = {2003},
  publisher = {CEUR-WS.org},
  series    = {CEUR Workshop Proceedings},
  volume    = {81},
  address   = { Rome, Italy},
}

@proceedings{DBLP:conf/dlog/2003,
  editor    = {Diego Calvanese and
               Giuseppe De Giacomo and
               Enrico Franconi},
  title     = {Proceedings of the 2003 International Workshop on Description
               Logics (DL2003), Rome, Italy September 5-7, 2003},
  booktitle = {Description Logics},
  publisher = {CEUR-WS.org},
  series    = {CEUR Workshop Proceedings},
  volume    = {81},
  year      = {2003},
  bibsource = {DBLP, http://dblp.uni-trier.de}
}
@inproceedings{DBLP:Rosati:KR:2006,
  author    = {Riccardo Rosati},
  title     = {\textsc{DL}+log: Tight Integration of Description Logics and Disjunctive
               Datalog},
  booktitle = {Proceedings, Tenth International Conference on Principles
               of Knowledge Representation and Reasoning (KR2006)},
  year      = {2006},
  pages     = {68-78},
  publisher = {AAAI Press},
  address   = {Lake District of the United Kingdom},
}

@proceedings{DBLP:conf/kr/2006,
  editor    = {Patrick Doherty and
               John Mylopoulos and
               Christopher A. Welty},
  title     = {Proceedings, Tenth International Conference on Principles
               of Knowledge Representation and Reasoning, Lake District
               of the United Kingdom, June 2-5, 2006},
  booktitle = {KR},
  publisher = {AAAI Press},
  year      = {2006},
  isbn      = {978-1-57735-271-6},
  bibsource = {DBLP, http://dblp.uni-trier.de}
}

@inproceedings{DBLP:Horrocks:WWW:2004,
  author    = {Ian Horrocks and
               Peter F. Patel-Schneider},
  title     = {A proposal for an \textsc{OWL} rules language},
  booktitle = {Proceedings of the 13th international conference on World Wide Web (WWW 2004)},
  year      = {2004},
  pages     = {723-731},
  publisher = {ACM},
  address   = {New York, NY, USA},
  ee        = {http://doi.acm.org/10.1145/988672.988771},
}

@proceedings{DBLP:conf/www/2004,
  editor    = {Stuart I. Feldman and
               Mike Uretsky and
               Marc Najork and
               Craig E. Wills},
  title     = {Proceedings of the 13th international conference on World
               Wide Web, WWW 2004, New York, NY, USA, May 17-20, 2004},
  booktitle = {WWW},
  publisher = {ACM},
  year      = {2004},
  isbn      = {1-58113-844-X},
  bibsource = {DBLP, http://dblp.uni-trier.de}
}

@inproceedings{DBLP:Analyti:KR:2008,
  author    = {Anastasia Analyti and
               Grigoris Antoniou and
               Carlos Viegas Dam{\'a}sio},
  title     = {A Principled Framework for Modular Web Rule Bases and Its
               Semantics},
  booktitle = {Principles of Knowledge Representation and Reasoning: Proceedings
               of the Eleventh International Conference (KR2008)},
  year      = {2008},
  pages     = {390-400},
  publisher = {AAAI Press},
  address   = {Sydney, Australia},
}

@inproceedings{DBLP:Liu:ICLP:2008,
  author    = {Guohua Liu and
               Jia-Huai You},
  title     = {Lparse Programs Revisited: Semantics and Representation
               of Aggregates},
  booktitle = {Proc. ICLP-08},
  year      = {2008},
  pages     = {347-361},
  publisher = {Springer},
  series    = {Lecture Notes in Computer Science},
  volume    = {5366},
  address   = {Udine, Italy},
}

@inproceedings{DBLP:Liu:ICLP:2008-full,
  author    = {Guohua Liu and
               Jia-Huai You},
  title     = {Lparse Programs Revisited: Semantics and Representation
               of Aggregates},
  booktitle = {Logic Programming, 24th International Conference (ICLP 2008)},
  year      = {2008},
  pages     = {347-361},
  publisher = {Springer},
  series    = {Lecture Notes in Computer Science},
  volume    = {5366},
  address   = {Udine, Italy},
}

@inproceedings{DBLP:Tsarkov:ISWC:2004,
  author    = {Dmitry Tsarkov and
               Alexandre Riazanov and
               Sean Bechhofer and
               Ian Horrocks},
  title     = {Using Vampire to Reason with \textsc{OWL}},
  booktitle = {Proceedings of the 3rd International Semantic Web Conference (ISWC2004)},
  year      = {2004},
  pages     = {471-485},
  publisher = {Springer},
  address   = {Hiroshima, Japan},
  series    = {Lecture Notes in Computer Science},
  volume    = {3298},

}

@article{DBLP:Chen:FI:1994,
  author    = {Jianhua Chen},
  title     = {The Logic of Only Knowing as a Unified Framework for Non-Monotonic
               Reasoning},
  journal   = {Fundamenta Informaticae},
  volume    = {21},
  number    = {3},
  year      = {1994},
  pages     = {205-220},
}
@PHDTHESIS{Tobies:PhD:Thesis,
  AUTHOR =       {Stephan Tobies },
  TITLE =        {Complexity Results and Practical Algorithms for Logics in Knowledge Representation},
  SCHOOL =       {RWTH-Aachen, Germany},
  YEAR =         {2001},
  source =       {http://lat.inf.tu-dresden.de/research/phd/Tobies-PhD-2001.pdf},
}


@inproceedings{DBLP:conf/lpnmr/JanhunenNS09,
  author    = {Tomi Janhunen and
               Ilkka Niemel{\"a} and
               Mark Sevalnev},
  title     = {Computing Stable Models via Reductions to Difference Logic},
  booktitle = {Logic Programming and Nonmonotonic Reasoning, 10th International
               Conference, LPNMR 2009},
  year      = {2009},
  pages     = {277-289},
  publisher = {Springer},
  series    = {Lecture Notes in Computer Science},
  volume    = {5753},
  address   = {Potsdam, Germany},
}
@ARTICLE{Liuetal:AIJ:2010,
  AUTHOR =       {Lengning Liu and Enrico Pontelli and Tran Cao Son and Miroslaw Truszczy\'{n}ski},
  TITLE =        {Logic programs with abstract constraint atoms: The role of computations},
  JOURNAL =      {Artificial Intelligence},
  YEAR =         {2010},
  volume =       {174},
  pages =        {295-315},
}

@article{Keller1986,
 title = {Foundationalism, Circular Justification, and the Levels Gambit},
 author = {mes A. Keller},
 journal = {Synthese},
 jstor_issuetitle = {Issues in Epistemology},
 volume = {68},
 number = {2},
 pages = {205--212},
 year = {1986},
}

@inproceedings{DBLP:conf/ijcai/CalimeriFLP05,
  author    = {Francesco Calimeri and
               Wolfgang Faber and
               Nicola Leone and
               Simona Perri},
  title     = {Declarative and Computational Properties of Logic Programs
               with Aggregates},
  booktitle = {Proc. IJCAI-05},
  year      = {2005},
  pages     = {406-411},
  publisher = {Professional Book Center},
  address   = {Edinburgh, Scotland, UK},
}

@inproceedings{DBLP:conf/ijcai/CalimeriFLP05-full,
  author    = {Francesco Calimeri and
               Wolfgang Faber and
               Nicola Leone and
               Simona Perri},
  title     = {Declarative and Computational Properties of Logic Programs
               with Aggregates},
  booktitle = {Proceedings of the Nineteenth International Joint
               Conference on Artificial Intelligence (IJCAI 2005)},
  year      = {2005},
  pages     = {406-411},
  publisher = {Professional Book Center},
  address   = {Edinburgh, Scotland, UK},
}

@BOOK{ALEXANDER:book:1987,
  AUTHOR =       {Alexander Schrijver},
  TITLE =        {Theore of Linear and Integer Programming},
  PUBLISHER =    {John Wiley and Sons, New York},
  YEAR =         {1987},
}

@inproceedings{DBLP:Armando2004SAT,
  author    = {Alessandro Armando and
               Claudio Castellini and
               Enrico Giunchiglia and
               Marco Maratea},
  title     = {A SAT-Based Decision Procedure for the Boolean Combination   of Difference Constraints},
  booktitle = {Theory and Applications of Satisfiability Testing, 7th International Conference, SAT 2004},
  year      = {2004},
  pages     = {16-29},
  address   = {Vancouver, BC, Canada},
  publisher = {Springer},
  series    = {Lecture Notes in Computer Science},
  volume    = {3542},
}

@article{DBLP:Nieuwenhuis:JACM:2006,
  author    = {Robert Nieuwenhuis and
               Albert Oliveras and
               Cesare Tinelli},
  title     = {Solving \textsc{SAT} and \textsc{SAT} Modulo Theories: From an abstract Davis--Putnam--Logemann--Loveland
               procedure to \textsc{DPLL({\it T})}},
  journal   = {J. ACM},
  volume    = {53},
  number    = {6},
  year      = {2006},
  pages     = {937-977},
}

@inproceedings{DBLP:Burch:CAV:1994,
  author    = {Jerry R. Burch and
               David L. Dill},
  title     = {Automatic verification of Pipelined Microprocessor Control},
  booktitle = {Computer Aided Verification, 6th International Conference,
               CAV '94},
  year      = {1994},
  pages     = {68-80},
  address   = {Stanford, California, USA},
  publisher = {Springer},
  series    = {Lecture Notes in Computer Science},
  volume    = {818},
}

@article{DBLP:Nieuwenhuis:IC:2007,
  author    = {Robert Nieuwenhuis and
               Albert Oliveras},
  title     = {Fast congruence closure and extensions},
  journal   = {Information and Computation},
  volume    = {205},
  number    = {4},
  year      = {2007},
  pages     = {557-580},
}
@article{DBLP:Nelson:TPLS:1979,
  author    = {Greg Nelson and
               Derek C. Oppen},
  title     = {Simplification by Cooperating Decision Procedures},
  journal   = {ACM Trans. Program. Lang. Syst.},
  volume    = {1},
  number    = {2},
  year      = {1979},
  pages     = {245-257},
}


@article{Nelson:JACM:1980,
 author = {Greg Nelson and Derek C. Oppen},
 title = {Fast Decision Procedures Based on Congruence Closure},
 journal = {J. ACM},
 volume = {27},
 number = {2},
 year = {1980},
 pages = {356--364},
 }

@INPROCEEDINGS{Fangzhen:forgetit,
    author = {Fangzhen Lin and Ray Reiter},
    title = {Forget It!},
    booktitle = {In Proceedings of the AAAI Fall Symposium on Relevance},
    year = {1994},
    pages = {154--159}
}

@article{DBLP:Zhang:AIJ2006,
  author    = {Yan Zhang and
               Norman Y. Foo},
  title     = {Solving logic program conflict through strong and weak forgettings},
  journal   = {Artificial  Intelligence},
  volume    = {170},
  number    = {8-9},
  year      = {2006},
  pages     = {739-778},
}
@article{DBLP:Eiter:AIJ:2008,
  author    = {Thomas Eiter and
               Kewen Wang},
  title     = {Semantic forgetting in answer set programming},
  journal   = {Artificial Intelligence},
  volume    = {172},
  number    = {14},
  year      = {2008},
  pages     = {1644-1672},
}

@article{DBLP:Zhang:AIJ:2009,
  author    = {Yan Zhang and
               Yi Zhou},
  title     = {Knowledge forgetting: Properties and applications},
  journal   = {Artificial Intelligence},
  volume    = {173},
  number    = {16-17},
  year      = {2009},
  pages     = {1525-1537},
}

@inproceedings{DBLP:Lifschitz:IJCAI:1991,
  author    = {Vladimir Lifschitz},
  title     = {Nonmonotonic Databases and Epistemic Queries},
  booktitle = {Proceedings of the 12th International Joint Conference on Artificial Intelligence},
  address   = {Sydney, Australia},
  publisher = {Morgan Kaufmann},
  year      = {1991},
  pages     = {381-386},
}

@article{DBLP:Lifschitz:AIJ:1994,
  author    = {Vladimir Lifschitz},
  title     = {Minimal Belief and Negation as Failure},
  journal   = {Artifical Intelligence},
  volume    = {70},
  number    = {1-2},
  year      = {1994},
  pages     = {53-72},
}

@article{DBLP:DAgostino:JAL:2006,
  author    = {Giovanna D'Agostino and
               Giacomo Lenzi},
  title     = {On modal mu-calculus with explicit interpolants},
  journal   = {Journal of Applied Logic},
  volume    = {4},
  number    = {3},
  year      = {2006},
  pages     = {256-278},
}

@inproceedings{DBLP:Herzig:JELIA:2008,
  author    = {Andreas Herzig and
               J{\'e}r{\^o}me Mengin},
  title     = {Uniform Interpolation by Resolution in Modal Logic},
  booktitle = {Logics in Artificial Intelligence, 11th European Conference,
               JELIA 2008},
  address  = {Dresden, Germany},
  publisher = {Springer},
  series    = {Lecture Notes in Computer Science},
  volume    = {5293},
  year      = {2008},
  pages     = {219-231},
}

@ARTICLE{DAgostino:synthese:2008,
  AUTHOR =       {Giovanna D'Agostino},
  TITLE =        {Interpolation in non-classical logics },
  JOURNAL =      {Synthese},
  YEAR =         {2008},
  volume =       {164},
  number =       {3},
  pages =        {421-435},
}

@article{DBLP:Lin:AIJ:1992,
  author    = {Fangzhen Lin and
               Yoav Shoham},
  title     = {A Logic of Knowledge and Justified Assumptions},
  journal   = {Artificial Intelligence},
  volume    = {57},
  number    = {2-3},
  year      = {1992},
  pages     = {271-289},
}
@article{DBLP:Rosati:JAIR:1999,
  author    = {Riccardo Rosati},
  title     = {Reasoning about Minimal Belief and Negation as Failure},
  journal   = {J. Artif. Intell. Res. (JAIR)},
  volume    = {11},
  year      = {1999},
  pages     = {277-300},
}

@article{DBLP:Lin:AIJ:2001,
  author    = {Fangzhen Lin},
  title     = {On strongest necessary and weakest sufficient conditions},
  journal   = {Artif. Intell.},
  volume    = {128},
  number    = {1-2},
  year      = {2001},
  pages     = {143-159},
}

@inproceedings{DBLP:Lierler:ICLP:2008,
  author    = {Yuliya Lierler},
  title     = {Abstract Answer Set Solvers},
  booktitle = {ICLP},
  year      = {2008},
  pages     = {377-391},
  ee        = {http://dx.doi.org/10.1007/978-3-540-89982-2_35},
  crossref  = {DBLP:conf/iclp/2008},
  bibsource = {DBLP, http://dblp.uni-trier.de}
}

@proceedings{DBLP:conf/iclp/2008,
  editor    = {Maria Garcia de la Banda and
               Enrico Pontelli},
  title     = {Logic Programming, 24th International Conference, ICLP 2008,
               Udine, Italy, December 9-13 2008, Proceedings},
  booktitle = {ICLP},
  publisher = {Springer},
  series    = {Lecture Notes in Computer Science},
  volume    = {5366},
  year      = {2008},
  isbn      = {978-3-540-89981-5},
  ee        = {http://dx.doi.org/10.1007/978-3-540-89982-2},
  bibsource = {DBLP, http://dblp.uni-trier.de}
}

@INBOOK{Barrett:SMT:2008,
  AUTHOR =       {Clark Barrett, Roberto Sebastiani, Sanjit A. Seshia and Cesare Tinelli},
  editor =       {Armin Biere, Marijn Heule, Hans van Maaren and Toby Walsch},
  TITLE =        {Handbook of Satisfiability},
  CHAPTER =      {12. Satisfiability Modulo Theories},
  pages =        {737-797},
  PUBLISHER =    {IOS Press},
  YEAR =         {2008},
  volume =       {185},
  series =       {Frontiers in Artificial Intelligence and Applications},
}

@inproceedings{DBLP:Faber:JELIA:2004,
  author    = {Wolfgang Faber and
               Nicola Leone and
               Gerald Pfeifer},
  title     = {Recursive Aggregates in Disjunctive Logic Programs: Semantics
               and Complexity},
  booktitle = {Proc.
               JELIA'04},
  year      = {2004},
  address   = {Lisbon, Portugal},
  pages     = {200-212},
  publisher = {Springer},
  series    = {LNCS},
  volume    = {3229},
}

@inproceedings{DBLP:Faber:JELIA:2004-long,
  author    = {Wolfgang Faber and
               Nicola Leone and
               Gerald Pfeifer},
  title     = {Recursive Aggregates in Disjunctive Logic Programs: Semantics
               and Complexity},
  booktitle = {Logics in Artificial Intelligence, 9th European Conference,
               JELIA 2004},
  year      = {2004},
  address   = {Lisbon, Portugal},
  pages     = {200-212},
  publisher = {Springer},
  series    = {Lecture Notes in Computer Science},
  volume    = {3229},
}




@article{DBLP:Faber:TPLP:2008,
  author    = {Wolfgang Faber and
               Gerald Pfeifer and
               Nicola Leone and
               Tina Dell'Armi and
               Giuseppe Ielpa},
  title     = {Design and implementation of aggregate functions in the
               DLV system},
  journal   = {TPLP},
  volume    = {8},
  number    = {5-6},
  year      = {2008},
  pages     = {545-580},
}

@inproceedings{DBLP:Bruijn:RR:2007,
  author    = {Jos de Bruijn and
               David Pearce and
               Axel Polleres and
               Agust\'{\i}n Valverde},
  title     = {Quantified Equilibrium Logic and Hybrid Rules},
  booktitle = {Web Reasoning and Rule Systems, First International Conference,
               RR 2007},
  year      = {2007},
  address   = {Innsbruck, Austria},
  publisher = {Springer},
  series    = {Lecture Notes in Computer Science},
  volume    = {4524},
}

@article{DBLP:Eiter:TCL:2010,
  author    = {Thomas Eiter and
               Mantas Simkus},
  title     = {\textsc{FDNC}: Decidable nonmonotonic disjunctive logic programs
               with function symbols},
  journal   = {ACM Trans. Comput. Log.},
  volume    = {11},
  number    = {2},
  year      = {2010},
}

@article{DBLP:Tarjan:SIAM:1972,
  author    = {Robert Endre Tarjan},
  title     = {Depth-First Search and Linear Graph Algorithms},
  journal   = {SIAM J. Comput.},
  volume    = {1},
  number    = {2},
  year      = {1972},
  pages     = {146-160},
}

@proceedings{DBLP:lpnmr:2009,
  editor    = {Esra Erdem and
               Fangzhen Lin and
               Torsten Schaub},
  title     = {Logic Programming and Nonmonotonic Reasoning, 10th International
               Conference, LPNMR 2009, Potsdam, Germany, September 14-18,
               2009. Proceedings},
  booktitle = {LPNMR},
  publisher = {Springer},
  series    = {Lecture Notes in Computer Science},
  volume    = {5753},
  year      = {2009},
}

@inproceedings{DBLP:Dao-Tran:ecsqaru:2009,
  author    = {Minh Dao-Tran and
               Thomas Eiter and
               Thomas Krennwallner},
  title     = {Realizing Default Logic over Description Logic Knowledge
               Bases},
  booktitle = {Symbolic and Quantitative Approaches to Reasoning with Uncertainty,
               10th European Conference, ECSQARU 2009, Verona, Italy},
  year      = {2009},
  pages     = {602-613},
  publisher = {Springer},
  series    = {Lecture Notes in Computer Science},
  volume    = {5590},
}

@article{Yisong:ICLP:2010,
  author       = {Yisong Wang and Jia-Huai You and Liyan Yuan and Yi-Dong Shen},
  title        = {Loop Formulas for Description Logic Programs},
  journal      = {Theory and Practice of Logic Programming, 26th Int'l.
                  Conference on Logic Programming (ICLP'10) Special Issue},
  editor       = {M.~Hermenegildo and T.~Schaub},
  year         = {2010},
  publisher    = {Cambridge University Press},
  volume       = {10},
  number       = {4-6},
  pages        = {531-545},
}

@article{DBLP:Rubin74:JACM,
  author    = {Frank Rubin},
  title     = {A Search Procedure for Hamilton Paths and Circuits},
  journal   = {J. ACM},
  volume    = {21},
  number    = {4},
  year      = {1974},
  pages     = {576-580},
}

@article{DBLP:AngluinV79:JCSS,
  author    = {Dana Angluin and
               Leslie G. Valiant},
  title     = {Fast Probabilistic Algorithms for Hamiltonian Circuits and
               Matchings},
  journal   = {Journal of Computer and System Sciences},
  volume    = {18},
  number    = {2},
  year      = {1979},
  pages     = {155-193},
}

@MASTERSTHESIS{Narayanasamy:MS:2008,
  AUTHOR =       {Prabhu Narayanasamy},
  TITLE =        {A New Heuristic for the Hamiltonian Circuit Problem},
  SCHOOL =       {North Carolina State University},
  YEAR =         {2008},
  source =       {http://www.lib.ncsu.edu/theses/available/etd-12162008-115601/unrestricted/etd.pdf}
}

@ARTICLE{Yisong:JGuizhou:2009,
  AUTHOR =       {Yisong Wang and Kunpeng Wei},
  TITLE =        {A System for Normal Logic programs with Functions},
  JOURNAL =      {Journal of Guizhou University (Natural Sciences)},
  YEAR =         {2009},
  volume =       {26},
  number =       {2},
  pages =        {61--66},
}


@inproceedings{DBLP:conf/aaai/ZhouZ11a,
  author    = {Yi Zhou and
               Yan Zhang},
  title     = {Progression Semantics for Disjunctive Logic Programs},
  booktitle = {Proc. AAAI-11},
  year      = {2011},
  pages = {286-291},
}


@ARTICLE{LinZhao:assat,
  AUTHOR =       {Fangzhen Lin and Yuting Zhao},
  TITLE =        {\textsc{ASSAT}: computing answer sets of a logic program by \textsc{SAT} solvers},
  JOURNAL =      {Artificial Intelligence},
  YEAR =         {2004},
  volume =       {157},
  number =       {1-2},
  pages =        {115-137},
}


@article{BidoitF91,
  author    = {N. Bidoit and
               C. Froidevaux},
  title     = {General Logical Databases and Programs: Default Logic Semantics
               and Stratification},
  journal   = {Information and Computation},
  volume    = {91},
  number    = {1},
  year      = {1991},
  pages     = {15-54}
}

@book{lpnmr09,
  editor    = {E. Erdem and F. Lin and T. Schaub},
  title = {Proceedings of the 10th International Conference on Logic Programming and Nonmonotonic Reasoning (LPNMR-09)},
  publisher = {LNCS 5753, Springer},
  year      = {2009}
  }

@article{SMT-JACM,
author = "R. Nieuwenhuis and A. Oliveras and C. Tinelli",
title = "Solving {SAT} and {SAT Modulo Theories}: From an Abstract Davis-Putnam-Logemann-Loveland Procedure to {DPLL(T)}",
journal = "Journal of the ACM",
volume =  "53",
number = "6",
year = "2006",
pages = "937-977"
}

@inproceedings{jaffar-clp,
author = "J. Jaffar and J-L. Lassez",
title = "Constraint logic programming",
booktitle = "Conference Record of the 14th Annual ACM Symposium on Principles of Programming Languages (POPL-87)",
year = "1987",
pages = "111-119"}

@inproceedings{complexity-disjunctive,
author = "T. Eiter and G. Gottlob",
title = "Complexity results for disjunctive logic programming and application to nonmonotonic logics",
booktitle = "Proceedings of the 1991 International Symposium on Logic Programming",
year = "1993",
pages = "266-278"}


@article{LiwuYou91,
author = "L. Li and J. You",
title = "Making default inferences from logic programs",
journal = "Computational Intelligence",
volume =  "7",
year = "1991",
pages = "142-153"
}

@Article{hms07reasoning,
    author = "U. Hustadt and B. Motik and U. Sattler",
    title = "{Reasoning in Description Logics by a Reduction to Disjunctive Datalog}",
    journal = "Journal of Automated Reasoning",
    year = "2007",
    volume = "39",
    number = "3",
    pages = "351-384",
}

@article{Borgida96,
 author = {A. Borgida},
 title = {On the relative expressiveness of description logics and predicate logics},
 journal = {Artificial Intelligence},
 volume = {82},
 number = {1-2},
 year = {1996},
 pages = {353-367},
 }

@article{McCarthy80,
  author    = {J. McCarthy},
  title     = {Circumscription and other Non-Monotonic Formalisms},
  journal   = {Artificial Intelligence},
  volume    = {13},
  number    = {1-2},
  year      = {1980},
  pages     = {171-172}
}

@article{Poole88,
  author    = {D. Poole},
  title     = {A Logical Framework for Default Reasoning},
  journal   = {Artificial Intelligence},
  volume    = {36},
  number    = {1},
  year      = {1988},
  pages     = {27-47}
}

@inproceedings{EshghiK89,
  author    = {K. Eshghi and
               R. A. Kowalski},
  title     = {Abduction Compared with Negation by Failure},
  booktitle = {Proceedings of the Sixth International Conference on Logic Programming (ICLP-89)},
  year      = {1989},
  pages     = {234-254}
}

@article{LinY02,
  author    = {F. Lin and
               J. H. You},
  title     = {Abduction in logic programming: A new definition and an
               abductive procedure based on rewriting},
  journal   = {Artificial Intelligence},
  volume    = {140},
  number    = {1/2},
  year      = {2002},
  pages     = {175-205}
}

@article{LinZ04,
  author    = {F. Lin and
               Y. Zhao},
  title     = {ASSAT: computing answer sets of a logic program by SAT solvers},
  journal   = {Artificial Intelligence},
  volume    = {157},
  number    = {1-2},
  year      = {2004},
  pages     = {115-137}
}


@article{YouYG00,
  author    = {J. H. You and
               L. Y. Yuan and
               R. Goebel},
  title     = {An abductive approach to disjunctive logic programming},
  journal   = {Journal of Logic Programming},
  volume    = {44},
  number    = {1-3},
  year      = {2000},
  pages     = {101-127}
}

@inproceedings{denecker-iclp09,
author = "M. Denecker and J. Vennekens",
title = "Building a knowledge base sysem for an integration of logic programming and classical logic",
booktitle = "Proceedings of the 25th International Conference on Logic Programming (ICLP-09)",
year = "2009",
pages = "71-76"}

@article{LiwuYou91,
author = "L. Li and J. You",
title = "Making default inferences from logic programs",
journal = "Computational Intelligence",
volume =  "7",
year = "1991",
pages = "142-153"
}

@inproceedings{Lifschitz08,
  author    = {V. Lifschitz},
  title     = {Twelve definitions of a stable model},
  booktitle = {Proceedings of the 24th International Conference on Logic Programming (ICLP-08)},
  year      = {2008},
  pages     = {37-51}
}

@inproceedings{VLif08,
  author    = {V. Lifschitz},
  title     = {What Is Answer Set Programming?},
  booktitle = {Proceedings of the 23rd AAAI Conference on Artificial Intelligence (AAAI-08)},
  year      = {2008},
  pages     = {1594-1597}
}



@inproceedings{aggregates-kemp-stuckey,
    author = "D. Kemp and P. Stuckey",
    title = "Semantics of logic programs with aggregates",
    booktitle = "Proceedings of the International Symposium on Logic Programming",
    publisher = {MIT Press},
    pages = "387-401",
    year = "1991"
}

@book{marriott-stuckey98,
	AUTHOR = "K. Marriott and P. Stuckey",
        TITLE = "Programming with Constraints",
	PUBLISHER = "MIT Press",
 	YEAR = 1998}

@INCOLLECTION{vanHoeveChapter7,
    author = {W.-J. van Hoeve and I. Katriel},
    TITLE  = {Global constraints},
    Chapter = {7},
    booktitle ={Handbook of Constraint Programming},
    editor =  {F. Rossi and P. van Beek and T. Walsh},
    publisher = {Elsevier},
    YEAR   = {2006}
}

@book{Baral03,
author = "C. Baral",
title = "Knowledge Representation, Reasoning and
Declarative Problem Solving with Answer sets",
publisher = "Camb. Uni. Press",
address = "",
year = 2003}

@inproceedings{CFLP05,
author = "F. Calimeri and W. Faber and N. Leone and S. Perri",
title = "Declarative and computational
properties of logic programs with aggregates",
booktitle = "Proceedings of the 19th International Joint Conference on Artificial Intelligence (IJCAI-05)",
year = 2005,
publisher = "",
address = "",		
pages = "406-411"}

@inproceedings{DFILP03,
author = "T. Dell'Armi and W. Faber and G Ielpa and N. Leone and G. Pfeifer",
title = "Aggregate functions in disjunctive logic programming: semantics,
complexity and implementation in {DLV}",
booktitle = "IJCAI'03",
year = 2003,
publisher = "",
address = "",		
pages = "847-852"}

@inproceedings{EPS04,
author = "I. Elkabani and E. Pontelli and T. C. Son",
title = "Smodels with CLP
and its applications: A simple and effective approach to aggregates in ASP",
booktitle = "ICLP'04",
year = 2004,
publisher = "",
address = "",		
pages = "73-89"}

@inproceedings{EPS05,
author = "I. Elkabani and E. Pontelli and T. C. Son",
title = "Smodels$^A$ $-$
a system for computing answer sets of logic programs with
aggregates",
booktitle = "Proceedings of the 8th International Conference on Logic Programming and Nonmonotonic Reasoning (LPNMR-05)",
year = 2005,
publisher = "",
address = "",		
pages = "427-431"}


@inproceedings{FLP04,
author = "W. Faber and N. Leone and G. Pfeifer",
title = "Recursive aggregates
in disjunctive logic programs: Semantics and complexity",
booktitle = "Logics in Artificial Intelligence: European Workshop (JELIA-04)",
year = 2004,
publisher = "",
address = "",		
pages = "200-212"}

@article{FPLDI08,
author = "W. Faber and G. Pfeifer and N. Leone and T. Dell'Armi and G. Ielpa",
title = "Design and implementation of aggregate functions in the {DLV} system",
journal = "Theory and Practice of Logic Programming",
volume =  "8",
number = "5",
year = 2008,
pages = ""}

@inproceedings{Ferr05,
author = "P. Ferraris",
title = "Answer sets for propositional theories",
booktitle = "Proceedings of the 8th International Conference on Logic Programming and Nonmonotonic Reasoning (LPNMR-05)",
year = 2005,
publisher = "",
address = "",		
pages = "119-131"}


@article{FerrarisVladimir05,
 author = {P. Ferraris and V. Lifschitz},
 title = {Weight constraints as nested expressions},
 journal = {Theory and Practice of Logic Programming},
 volume = {5},
 number = {1-2},
 year = {2005},
 pages = {45-74}
 }


@inproceedings{Gelf08,
author = "M. Gelfond",
title = "Answer sets",
booktitle = "Handbook of Knowledge Representation",
year = 2008,
publisher = "Elsevier",
address = "",		
pages = ""}


@article{GL02,
author = "M. Gelfond and N. Leone",
title = "Logic programming and knowledge representation - The A-Prolog perspective",
journal = "Artificial Intelligence",
volume =  "138",
number = "1-2",
year = 2002,
pages = "3-38"}

@inproceedings{GL88,
author = "M. Gelfond and V. Lifschitz",
title = "The stable model semantics
for logic programming",
booktitle = "Proc. ICLP-88",
year = 1988,
publisher = "",
address = "",		
pages = "1070-1080"}

@inproceedings{GL88-full,
author = "M. Gelfond and V. Lifschitz",
title = "The stable model semantics
for logic programming",
booktitle = "Proceedings of the 5th International Conference on Logic Programming (ICLP-88)",
year = 1988,
publisher = "",
address = "",		
pages = "1070-1080"}


@article{Lif02,
author = "V. Lifschitz",
title = "Answer set programming and plan generation",
journal = "Artificial Intelligence",
volume =  "138",
number = "1-2",
year = 2002,
pages = "39-54"}

@inproceedings{LT05,
author = "L. Liu and M. Truszczynski",
title = "Properties of programs with
monotone and convex constraints",
booktitle = "Proceedings of the 20th AAAI Conference on Artificial Intelligence (AAAI-05)",
year = 2005,
publisher = "",
address = "",		
pages = "701-706"}

@article{LT06,
author = "L. Liu and M. Truszczynski",
title = "Properties and applications of programs with
monotone and convex constraints",
journal = "Journal of Artificial Intelligence Research",
volume =  "7",
number = "",
year = 2006,
pages = " 299-334"}


@article{MNR99,
author = "V. W. Marek and A. Nerode and J. B. Remmel",
title = "Logic programs, well-orderings, and forward chaining",
journal = "Annals of Pure and Applied Logic",
volume =  "96",
number = "",
year = 1999,
pages = "231-276"}

@article{MNT08,
author = "V. W. Marek and I. Niemela and M. Truszczynski",
title = "Logic programs with monotone constraint atoms",
journal = "Theory and Practice of Logic Programming",
volume =  "8",
number = "2",
year = 2008,
pages = "167-199"}

@inproceedings{MT99,
author = "V. W. Marek and M. Truszczynski",
title = "Stable models and an
alternative logic programming paradigm",
booktitle = "The Logic Programming Paradigm: a 25-Year Perspective",
year = 1999,
publisher = "Springer",
address = "",		
pages = "375-398"}

@article{Nie99,
author = "I. Niemela",
title = "Logic programs with stable model semantics
as a constraint programming paradigm",
journal = "Annals of Mathematics and Artificial Intelligence",
volume =  "25",
number = "",
year = 1999,
pages = "241-273"}

@book{Pel04,
author = "N. Pelov",
title = "Semantics of Logic Programs with Aggregates",
publisher = "Ph.D. thesis, Katholieke Universiteit Leuven",
address = "http://www.cs.kuleuven.ac.be/publicaties/doctoraten/cw/cw2004\_02.abs.html",
year = 2004}


@inproceedings{PT04,
author = "W. Pelov and M. Truszczynski",
title = "Semantics of disjunctive
programs with monotone aggregates $-$ an operator-based
approach",
booktitle = "NMR'04",
year = 2004,
publisher = "",
address = "",		
pages = "327-334"}

@article{Re80,
 author = "R. Reiter",
 title = "A logic for default reasoning",
 journal = "Artificial Intelligence",
 volume =  "13",
 number = "",
 year = 1980,
 pages = "81-132"}


@article{SNS02,
author = "P. Simons and I. Niemela and T. Soininen",
title = "Extending and implementing the stable model semantics",
journal = "Artificial Intelligence",
volume =  "138",
number = "1-2",
year = 2002,
pages = "181-234"}


@article{SYY09,
author = "Y. D. Shen and J. H. You and L. Y. Yuan",
title = {Characterizations of Stable Model Semantics for Logic Programs with Arbitrary Constraint Atoms},
journal = {Theory and Practice of Logic Programming},
pages ="529-564",
volume ="9",
number = "4",
year ="2009"
}

@inproceedings{SPT06,
author = "T. C. Son and E. Pontelli and P. H. Tu",
title = "Answer sets for logic programs with arbitrary abstract constraint atoms",
booktitle = "Proceedings of the 21st AAAI Conference on Artificial Intelligence (AAAI-06)",
year = 2006,
publisher = "",
address = "",		
pages = ""}

@article{pelov-07,
author = "N. Pelov and M. Denecker and M. Bruynooghe",
title = "Well-founded and stable semantics of logic programs with aggregates",
journal = {Theory and Practice of Logic Programming},
pages ="301-353",
volume ="7",
issue = "3",
year ="2007"
}


@inproceedings{SakamaI93,
  author    = {C. Sakama and
               K. Inoue},
  title     = {Relating Disjunctive Logic Programs to Default Theories},
  booktitle = {Proceedings of the 2nd International Conference on Logic Programming and Nonmonotonic Reasoning (LPNMR-93)},
  year      = {1993},
  pages     = {266-282}
}

@article{SP06-1,
author = "T. C. Son and E. Pontelli",
title = "A constructive semantic characterization of aggregates in
answer set programming",
journal = "Theory and Practice of Logic Programming",
volume =  "7",
number = "3",
year = 2007,
pages = "355-375"}

@inproceedings{Tru07,
author = "M. Truszczynski",
title = "Logic programming for knowledge representation",
booktitle = "ICLP'07",
year = 2007,
publisher = "",
address = "invited presentation",		
pages = ""}

@article{VK76,
author = "M. H. van Emden and R. A. Kowalski",
title = "The semantics of predicate logic as a programming language",
journal = "J. ACM",
volume =  "23",
number = "4",
year = 1976,
pages = "733-742"}

@inproceedings{vG89,
  author    = {A. van Gelder},
  title     = {The alternating fixpoint of logic programs with negation},
  booktitle = {PODS},
  year      = {1989},
  pages     = {1-10}
  }

@article{VRS91,
author = "A. van Gelder and K. Ross and J. Schlipf",
title = "The well-founded semantics for general logic programs",
journal = "J. ACM",
volume =  "38",
number = "3",
year = 1991,
pages = "620-650"}

@inproceedings{LiuY08,
  author    = {G. H. Liu and J. H. You},
  title     = {Lparse Programs Revisited: Semantics and Representation
               of Aggregates},
  booktitle = {Proceedings of the 24th International Conference on Logic Programming (ICLP-08)},
  year      = {2008},
  pages     = {347-361},
  }

@book{BCMNP03,
    title ={The Description Logic Handbook: Theory, Implementation and Applications},
    editor =  {F. Baader and D. Calvanese and D. McGuinness and D. Nardi and P. F. Patel-Schneider},
    publisher = {Cambridge University Press},
    YEAR   = {2003}
}

@inproceedings{BKPP07,
  author    = {H. Boley and
               M. Kifer and
               P.-L. Patranjan and
               A. Polleres },
  title     = {Rule interchange on the web},
  booktitle = {Reasoning Web},
  year      = {2007},
  pages     = {269-309},
  }

@inproceedings{BruijnET08,
  author    = {J. de Bruijn and
               T. Eiter and
               H. Tompits},
  title     = {Embedding Approaches to Combining Rules and Ontologies into
               Autoepistemic Logic},
  booktitle = {KR},
  year      = {2008},
  pages     = {485-495}
}

@inproceedings{antoniou05,
	author = {G. Antoniou and C. V. Dam\'{a}sio and B. Grosof  and I. Horrocks and M. Kifer  and J. Maluszynski  and P. Patel-Schneider},
	PUBLISHER = {Technical Report IST506779/Linkoping/I3-D3/D/PU/a1, Linkoping University},
	title = {Combining Rules and Ontologies: A survey},
	year = {2005}
}


@inproceedings{GelfondPP86,
  author    = {M. Gelfond and
               H. Przymusinska and
               T. C. Przymusinski},
  title     = {The Extended Closed World Assumpution and its Relationship
               to Parallel Circumscription},
  booktitle = {PODS-86},
  year      = {1986},
  pages     = {133-139}
}

@inproceedings{GLPT91,
  author    = {M. Gelfond and V. Lifschtz and
               H. Przymusinska and
               M. Truszczynski},
  title     = {Desjunctive defaults},
  booktitle = {Proceedings of the 2nd International Conference on Principles of Knowledge Representation and Reasoning (KR-91)},
  year      = {1991},
  pages     = {230-237}
}



@INCOLLECTION{vanHoeveChapter7,
    author = {W.-J. van Hoeve and I. Katriel},
    TITLE  = {Global constraints},
    Chapter = {7},
    booktitle ={Handbook of Constraint Programming},
    editor =  {F. Rossi and P. van Beek and T. Walsh},
    publisher = {Elsevier},
    YEAR   = {2006}
}

@book{Baral03,
author = "C. Baral",
title = "Knowledge Representation, Reasoning and
Declarative Problem Solving with Answer sets",
publisher = "Camb. Uni. Press",
address = "",
year = 2003}


@inproceedings{DFILP03,
author = "T. Dell'Armi and W. Faber and G Ielpa and N. Leone and G. Pfeifer",
title = "Aggregate functions in disjunctive logic programming: semantics,
complexity and implementation in {DLV}",
booktitle = "IJCAI'03",
year = 2003,
publisher = "",
address = "",		
pages = "847-852"}

@article{DeneckerMT04,
  author    = {M. Denecker and
               V. W. Marek and
               M. Truszczynski},
  title     = {Ultimate approximation and its application in nonmonotonic
               knowledge representation systems},
  journal   = {Information and Computation},
  volume    = {192},
  number    = {1},
  year      = {2004},
  pages     = {84-121}
  }


@inproceedings{DPB01,
author = "M. Denecker and N. Pelov and M. Bruynooghe",
title = "Ultimate
well-founded and stable semantics for logic programs with aggregates",
booktitle = "ICLP'01",
year = 2001,
publisher = "",
address = "",		
pages = "212-226"}

@article{Eiter08,
  author    = {T. Eiter and
               G. Ianni and
               T. Lukasiewicz and
               R. Schindlauer and
               H. Tompits},
  title     = {Combining answer set programming with description logics
               for the Semantic Web},
  journal   = {Artificial Intelligence},
  volume    = {172},
  number    = {12-13},
  year      = {2008},
  pages     = {1495-1539}
}

@inproceedings{EiterIKP08,
  author    = {T. Eiter and
               G. Ianni and
               T. Krennwallner and
               A. Polleres},
  title     = {Rules and Ontologies for the Semantic Web},
  booktitle = {Proceedings of the 2nd International Conference on Web Reasoning and Rule Systems (RR-08)},
  year      = {2008},
  pages     = {1-53},
  }


@inproceedings{EiterIPST06,
  author    = {T. Eiter and
               G. Ianni and
               A. Polleres and
               R. Schindlauer and
               H. Tompits},
  title     = {Reasoning with Rules and Ontologies},
  booktitle = {Reasoning Web},
  year      = {2006},
  pages     = {93-127},
 }


@article{HDPFV08,
  author    = {S. Heymans and
               J. De Bruijn and
               L. Predoiu and
               C. Feier and D. Van Niewenborgh
               },
  title     = {Guarded hybrid knowledge bases},
  journal   = {Theory and Practice of Logic Programming},
  volume    = {8},
  number    = {},
  year      = {2008},
  pages     = {411-429}
}



@inproceedings{EPS04,
author = "I. Elkabani and E. Pontelli and T. C. Son",
title = "Smodels with CLP
and its applications: A simple and effective approach to aggregates in ASP",
booktitle = "ICLP'04",
year = 2004,
publisher = "",
address = "",		
pages = "73-89"}

@inproceedings{EPS05,
author = "I. Elkabani and E. Pontelli and T. C. Son",
title = "Smodels$^A$ $-$
a system for computing answer sets of logic programs with
aggregates",
booktitle = "Proceedings of the 8th International Conference on Logic Programming and Nonmonotonic Reasoning (LPNMR-05)",
year = 2005,
publisher = "",
address = "",		
pages = "427-431"}


@article{GL02,
author = "M. Gelfond and N. Leone",
title = "Logic programming and knowledge representation - The A-Prolog perspective",
journal = "Artificial Intelligence",
volume =  "138",
number = "1-2",
year = 2002,
pages = "3-38"}


@article{GL91,
author = "M. Gelfond and V. Lifschitz",
title = "Classical negation in logic programs and disjunctive databases",
journal = "New Generation Computing",
volume =  "9",
number = "",
year = 1991,
pages = "365-385"}


@inproceedings{Gros03,
author = "B.N. Grosof and I. Horrocks and R. Volz, S. Decker",
title = "Description logic programs: Combining logic programs with description logics",
booktitle = "WWW-2003",
year = 2003,
publisher = "",
address = "",		
pages = "48-57"
}


@inproceedings{Horrocks04,
author = "I. Horrocks and P.F. Patel-Schneider and H. Boley and S. Tabet, B. Grosof and M. Dean",
title = "SWRL: A Semantic Web rule language combining {OWL} and {RuleML}",
booktitle = "W3C Member Submission",
year = 2004,
publisher = "Available at http://www.w3.org/Submission/SWRL",
address = "",		
pages = ""
}

@article{HorrocksPH03,
  author    = {I. Horrocks and
               P. F. Patel-Schneider and
               F. van Harmelen},
  title     = {From {SHIQ} and {RDF} to {OWL}: the making of a Web Ontology Language},
  journal   = {Journal of Web Semantics},
  volume    = {1},
  number    = {1},
  year      = {2003},
  pages     = {7-26}
}

@inproceedings{HorrocksP03,
  author    = {I. Horrocks and
               P. F. Patel-Schneider},
  title     = {Reducing {OWL} Entailment to Description Logic Satisfiability},
  booktitle = {Proceedings of the 2nd International Semantic Web Conference (ISWC-03)},
  year      = {2003},
  pages     = {17-29}
}

@article{LR98,
author = {A. Y. Levy and M.-C. Rousset},
title = {Combining Horn Rules and Description Logics in CARIN},
journal = {Artificial Intelligence},
volume =  {104},
number = {1-2},
year = 1998,
pages = {165-209}
}

@article{LTT99,
author = "V. Lifschitz and L. R. Tang and H. Turner",
title = "Nested expressions in logic programs",
journal = "Annals of Mathematics and Artificial Intelligence",
volume =  "25",
number = "1-2",
year = 1999,
pages = "369-389"}

@article{Lif02,
author = "V. Lifschitz",
title = "Answer set programming and plan generation",
journal = "Artificial Intelligence",
volume =  "138",
number = "1-2",
year = 2002,
pages = "39-54"}

@article{lifschitz-acmtranc-01,
author = "V. Lifschitz and D. Pearce and A. Valverde",
title = "Strongly equivalent logic programs",
journal ="ACM Transactions on Computational Logic,2(4)",
pages ="526-541",
year ="2001"
}

@inproceedings{lifschitz-aaai-08,
    author = "J. Lee and V. Lifschitz and R. Palla",
    title = "A reductive semantics for counting and choice in answer set programming",
    booktitle = "Proceedings of the 22nd AAAI Conference on Artificial Intelligence (AAAI-08)",
    pages = "472-479",
    year = "2008"
}


@inproceedings{LeeM09,
  author    = {J. Lee and
               Y. Meng},
  title     = {On Reductive Semantics of Aggregates in Answer Set Programming},
  booktitle = {Proceedings of the 10th International Conference on Logic Programming and Nonmonotonic Reasoning (LPNMR-09)},
  year      = {2009},
  pages     = {182-195}
  }


@inproceedings{Lifschitz91,
  author    = {V. Lifschitz},
  title     = {Nonmonotonic Databases and Epistemic Queries},
  booktitle = {IJCAI},
  year      = {1991},
  pages     = {381-386}
}

@inproceedings{LT05,
author = "L. Liu and M. Truszczynski",
title = "Properties of programs with
monotone and convex constraints",
booktitle = "Proceedings of the 20th AAAI Conference on Artificial Intelligence (AAAI-05)",
year = 2005,
publisher = "",
address = "",		
pages = "701-706"}



@inproceedings{Lukasiewicz07,
  author    = {T. Lukasiewicz},
  title     = {A novel combination of answer set programming with description
               logics for the Semantic Web},
  booktitle = {ESWC},
  year      = {2007},
  pages     = {384-398}
}


@inproceedings{MarekT89,
  author    = {V. W. Marek and
               M. Truszczynski},
  title     = {Stable Semantics for Logic Programs and Default Theories},
  booktitle = {Proceedings of the North American Conference on Logic Programming (NACLP-89)},
  year      = {1989},
  pages     = {243-256}
}

@article{MNR99,
author = "V. W. Marek and A. Nerode and J. B. Remmel",
title = "Logic programs, well-orderings, and forward chaining",
journal = "Annals of Pure and Applied Logic",
volume =  "96",
number = "",
year = 1999,
pages = "231-276"}

@inproceedings{MR04,
author = "V. W. Marek and J. B. Remmel",
title = "Set constraints in logic programming",
booktitle = "Proceedings of the 7th International Conference on Logic Programming and Nonmonotonic Reasoning (LPNMR-04)",
year = 2004,
publisher = "",
address = "",		
pages = "167-179"}

@inproceedings{MT99,
author = "V. W. Marek and M. Truszczynski",
title = "Stable models and an
alternative logic programming paradigm",
booktitle = "The Logic Programming Paradigm: a 25-Year Perspective",
year = 1999,
publisher = "Springer",
address = "",		
pages = "375-398"}

@article{DBLP:journals/iandc/DeneckerMT04,
  author    = {Marc Denecker and
               Victor W. Marek and
               Miroslaw Truszczynski},
  title     = {Ultimate approximation and its application in nonmonotonic
               knowledge representation systems},
  journal   = {Inf. Comput.},
  volume    = {192},
  number    = {1},
  year      = {2004},
  pages     = {84-121},
}


@inproceedings{MT04,
author = "V. W. Marek and M. Truszczynski",
title = "Logic programs with
abstract constraint atoms",
booktitle = "Proceedings of AAAI-04",
year = 2004,
publisher = "",
address = "",		
pages = "86-91"}

@inproceedings{Motik08,
  author    = {B. Motik},
  title     = {Semantics and Reasoning Algorithms for a Faithful Integration
               of Description Logics and Rules},
  booktitle = {RR},
  year      = {2008},
  pages     = {12}
}

@Inproceedings{MoRo07,
author = "B. Motik and R. Rosati",
title = "A faithful integration of Description Logics with Logic Programming",
booktitle = {IJCAI-07},
pages = "477--482",
year = 2007
}

@article{Nie99,
author = "I. Niemela",
title = "Logic programs with stable model semantics
as a constraint programming paradigm",
journal = "Annals of Mathematics and Artificial Intelligence",
volume =  "25",
number = "",
year = 1999,
pages = "241-273"}


@inproceedings{DBLP:conf/lpnmr/PelovDB04,
  author    = {Nikolay Pelov and
               Marc Denecker and
               Maurice Bruynooghe},
  title     = {Partial Stable Models for Logic Programs with Aggregates},
  booktitle = {LPNMR},
  year      = {2004},
  pages     = {207-219},
}

@book{Pel04,
author = "N. Pelov",
title = "Semantics of Logic Programs with Aggregates",
publisher = "Ph.D. thesis, Katholieke Universiteit Leuven",
address = "http://www.cs.kuleuven.ac.be/publicaties/doctoraten/cw/cw2004\_02.abs.html",
year = 2004}

@inproceedings{PDB03,
author = "W. Pelov and M. Denecker and M. Bruynooghe",
title = "Translation
of aggregate programs to normal logic programs",
booktitle = "ASP'03",
year = 2003,
publisher = "",
address = "",		
pages = "29-42"}

@inproceedings{PT04,
author = "W. Pelov and M. Truszczynski",
title = "Semantics of disjunctive
programs with monotone aggregates $-$ an operator-based
approach",
booktitle = "NMR'04",
year = 2004,
publisher = "",
address = "",		
pages = "327-334"}

@article{Przy91,
author = "T. C. Przymusinski",
title = "Stable semantics for disjunctive programs",
journal = "New Generation Computing",
volume =  "9",
number = "",
year = 1991,
pages = "401-424"}

@Inproceedings{Poole89,
author = "D. Poole",
title = "What the lottery paradox tells us about default resoning",
booktitle = {KR-89},
pages = "333--340",
year = 1989
}



@Inproceedings{Rosa06a,
author = "R. Rosati",
title = "Integrating ontologies and rules: semantic and computational issues",
booktitle = {Reasoning Web},
pages = "128--151",
year = 2006
}

@Inproceedings{Rosa06b,
author = "R. Rosati",
title = "{DL+log}: Tight Integration of Description Logics and Disjunctive Datalog",
booktitle = {KR-06},
pages = "68--78",
year = 2006
}


@Inproceedings{Rosa08b,
author = "R. Rosati",
title = "On Combining Description Logic Ontologies and Nonrecursive Datalog Rules",
booktitle = {RR-08},
year = 2008,
}




@inproceedings{ShenY09,
  author    = {Y. D. Shen and
               J. H. You},
  title     = {A Default Approach to Semantics of Logic Programs with Constraint
               Atoms},
  booktitle = {Proceedings of the 10th International Conference on Logic Programming and Nonmonotonic Reasoning (LPNMR-09)},
  year      = {2009},
  pages     = {277-289}
  }



@inproceedings{lin-zhou07,
    author = "F. Lin and Y. Zhou",
    title = "From Answer Set Logic Programming to Circumscription via Logic of GK",
    booktitle = "Proc. IJCAI'07",
    pages = "441-446",
    year = {2007}
}

@inproceedings{lonpez-ijcai-03,
    author = "A. Lopez-Ortiz and C. Quimper and J. Tromp and P. van Beek",
    title = "A Fast and Simple Algorithm for Bounds Consistency of the Alldifferent Constraint",
    booktitle = "Proc. IJCAI'03",
    pages = "245-250",
    year = {2003}
}

@inbook{hoeve-2006,
	editor = "F. Rossi and P. Van Beek and T. Walsh",
        chapter = "Global Constraints",
        title = "Hand Book of Constraint Programming",
	publisher = "Elsevier",
 	year = "2006"
}

@article{beldiceanu-jmcm-94,
    author = {N. Beldiceanu and E. Contejean},
    title = {Introducing Global Constraints in CHIP},
    journal = {Journal of Mathematical and Computer Modeling},
    volume = {20},
    number = {12},
    pages = {97-123},
    year = {1994}
}

@inproceedings{denecker-iclp-01,
    author = "M. Denecker and N. Pelov and M. Bruynooghe",
    title = "Ultimate Well-Founded and Stable Semantics for Logic Programs with Aggregates",
    booktitle = "Proc. ICLP'01",
    pages = "212-226",
    year = "2001"
}

@inproceedings{pelov-lpnmr-04,
    author = "N. Pelov and M. Denecker and M. Bruynooghe ",
    title = "Partial Stable Models for Logic Programs with Aggregates",
    booktitle = "Proc. LPNMR'04",
    pages = "207-219",
    year = "2004"
}

@article{son-TPLP-07,
author = "T. C. Son and E. Pontelli",
title = "A constructive semantic characterization of aggregates in answer set programming",
journal = "Theory and Practice of Logic Programming",
pages ="355-375",
volume ="7",
issue = "3",
year ="2007"
}






@inproceedings{Tru07,
author = "M. Truszczynski",
title = "Logic programming for knowledge representation",
booktitle = "ICLP'07",
year = 2007,
publisher = "",
address = "invited presentation",		
pages = ""}

@article{VRS91,
author = "A. van Gelder and K. Ross and J. Schlipf",
title = "The well-founded semantics for general logic programs",
journal = "J. ACM",
volume =  "38",
number = "3",
year = 1991,
pages = "620-650"}

@inproceedings{WBBA04,
author = {K. Wang and D. Billington and J. Blee and G. Antoniou},
title = {Combining Description Logic and Defeasible Logic for the Semantic Web},
booktitle = {RuleML'04},
year = 2004,
publisher = "",
address = "",		
pages = {170-181}}

@inproceedings{YYLS07,
author = "Jia-Huai You and Li Yan  Yuan and Guohua Liu and Yid-Dong Shen",
title = "Logic programs with abstract constraints: representation, disjunction, and complexities",
booktitle = "Proc. LPNMR-07",
year = "2007",
pages = "228-240",	
}

@inproceedings{YYLS07-full,
author = "J. H. You and L. Y. Yuan and G. H. Liu and Y. D. Shen",
title = "Logic programs with abstract constraints: representation, disjunction, and complexities",
booktitle = "Proceedings of the 9th International Conference on Logic Programming and Nonmonotonic Reasoning (LPNMR-07)",
year = 2007,
publisher = "",
address = "",		
pages = "228-240"}

@article{DantsinEGV01,
  author    = {E. Dantsin and
               T. Eiter and
               G. Gottlob and
               A. Voronkov},
  title     = {Complexity and expressive power of logic programming},
  journal   = {ACM Computing Survey},
  volume    = {33},
  number    = {3},
  year      = {2001},
  pages     = {374-425}
}

@article{EiterG95,
  author    = {T. Eiter and
               G. Gottlob},
  title     = {On the computational cost of disjunctive logic programming:
               Propositional Case},
  journal   = {Annals of Mathematics and Artificial Intelligence},
  volume    = {15},
  number    = {3-4},
  year      = {1995},
  pages     = {289-323}
}



@article{Gottlob92,
  author    = {G. Gottlob},
  title     = {Complexity results for nonmonotonic Logics},
  journal   = {Journal of Logic and Computation},
  volume    = {2},
  number    = {3},
  year      = {1992},
  pages     = {397-425}
}

@article{MarekRT95,
  author    = {V. Marek and
               A. Rajasekar and
               M. Truszczynski},
  title     = {Complexity of computing with extended propositional logic
               programs},
  journal   = {Annals of Mathematics and Artificial Intelligence},
  volume    = {15},
  number    = {3-4},
  year      = {1995},
  pages     = {357-378}
}

@article{Schlipf95,
  author    = {John S. Schlipf},
  title     = {The expressive powers of the logic programming semantics},
  journal   = {Journal of Computer and System Sciences},
  volume    = {51},
  number    = {1},
  year      = {1995},
  pages     = {64-86}
}

@article{SchwarzT96,
  author    = {G. Schwarz and
               M. Truszczynski},
  title     = {Nonmonotonic reasoning is sometimes simpler!},
  journal   = {Journal of Logic and Computation},
  volume    = {6},
  number    = {2},
  year      = {1996},
  pages     = {295-308}
}



@inproceedings{Truszczynski91,
  author    = {M. Truszczynski},
  title     = {Modal interpretations of default logic},
  booktitle = {Proc. IJCAI-91},
  year      = {1991},
  pages     = {393-398}
}

@inproceedings{Truszczynski91-full,
  author    = {M. Truszczynski},
  title     = {Modal interpretations of default logic},
  booktitle = {Proceedings of the 12th International Joint Conference on Artificial Intelligence (IJCAI-91)},
  year      = {1991},
  pages     = {393-398}
}
